,Symbol,MarketCapitalization,BookValue,EPS,GrossProfitTTM,DilutedEPSTTM,QuarterlyEarningsGrowthYOY,QuarterlyRevenueGrowthYOY,TrailingPE,Beta,fiscalDateEnding,totalRevenue,operatingIncome,operatingExpenses,netIncome,totalAssets,totalLiabilities,totalShareholderEquity,DividendPerShare,DividendYield,PEGRatio,currentDebt
0,MMM,51511656000,8.7,-12.63,15000000000,-12.63,0.744,-0.008,-,1.016,2023-12-31,32681000000.0,-9128000000,22972000000.0,-6995000000,50580000000,45712000000,4807000000,6.0,0.065,4.153,2947000000
1,AOS,11934819000,12.34,3.69,1329600000,3.69,0.268,0.056,21.83,1.242,2022-12-31,3744500000.0,362000000,772700000.0,235700000,3332300000,1584600000,1747700000,1.22,0.0159,1.984,10000000
2,ABT,195185590000,21.59,3.26,24579000000,3.26,0.553,0.015,34.3,0.745,2022-12-31,43093000000.0,8362000000,16266000000.0,6933000000,74438000000,37752000000,36686000000,2.08,0.0197,26.92,2251000000
3,ABBV,308598571000,6.85,2.72,41527000000,2.72,-0.668,-0.054,64,0.542,2022-12-31,58054000000.0,18117000000,30754000000.0,11836000000,138805000000,121551000000,17254000000,5.99,0.0356,1.622,4136000000
4,ACN,233034121000,42.55,10.78,20731607000,10.78,0.006,0.03,34.48,1.205,2023-08-31,64111745000.0,8809889000,13673580000.0,6871557000,51245305000,25552466000,25692839000,4.82,0.0139,2.508,104810000
5,ADBE,283498938000,36.3,11.79,15441000000,11.79,0.278,0.116,53.2,1.335,2023-12-01,19409000000.0,6650000000,10405000000.0,5428000000,29779000000,13261000000,16518000000,0.0065,91784.61162860578,2.335,0
6,AMD,278691447000,34.59,0.53,12051000000,0.53,48.69,0.102,325.43,1.629,2023-12-31,22875000000.0,401000000,11688000000.0,854000000,67885000000,11993000000,55892000000,0.0,0.0,0.7,751000000
7,AES,11022092000,2.899,-0.84,2548000000,-0.84,-0.458,-0.053,-,1.092,2022-12-31,12617000000.0,-530000000,3019000000.0,-546000000,38363000000,35926000000,2437000000,0.664,0.0407,1.256,6000000
8,AFL,45254410000,38.01,7.78,8080000000,7.78,0.541,-0.058,10.06,0.927,2022-12-31,19502000000.0,4157000000,5745000000.0,4201000000,131738000000,111598000000,20140000000,1.68,0.0256,0.93,9285999616.0
9,A,39287828000,20.01,4.19,3465000000,4.19,0.313,-0.087,31.82,1.109,2023-10-31,6784000000.0,1350000000,2554000000.0,1240000000,10763000000,4918000000,5845000000,0.9,0.0071,2.561,0
10,APD,48886260000,66.91,10.46,3767000000,10.46,0.062,-0.056,21.02,0.861,2023-09-30,12600000000.0,2494600000,1368400000.0,2300200000,32002500000,16342200000,14312900000,7.0,0.0319,1.269,874500000
11,ABNB,94597472000,14.28,8.22,6900000000,8.22,2.71,0.178,17.96,1.237,2022-12-31,8337000000.0,1802000000,4297100000.0,1893000000,16038000000,10478000000,5560000000,0.0,0.0,1.565,2304000000.0
12,AKAM,19354763000,28.64,3.31,2237817000,3.31,0.334,0.095,38.77,0.763,2022-12-31,3631301000.0,676274000,1563041000.0,523672000,8303400000,3943213000,4360187000,0.0,0.0,1.28,4535979008.0
13,ALB,13587130000,84.34,28.22,3077787000,28.22,-0.662,0.105,4.103,1.606,2022-12-31,7320104000.0,2470061000,650865000.0,2689816000,15456522000,7473895000,7982627000,1.595,0.0138,1.093,7123000
14,ARE,20625965000,107.45,0.53,1806454000,0.53,-0.939,0.13,219.25,1.067,2023-12-31,5897177000.0,1530115000,1753941000.0,103639000,36771402000,14148409000,18471175000,4.96,0.0437,844.2,11698525184.0
15,ALGN,22698713000,47.96,5.81,2636675000,5.81,2.074,0.061,51.01,1.64,2022-12-31,3734635000.0,642595000,1991180000.0,361573000,5947947000,2346589000,3601358000,0.0,0.0,1.846,96968000.0
16,ALLE,11580063000,14.04,6.32,1322400000,6.32,0.362,0.005,20.87,1.148,2022-12-31,3186000000.0,586400000,870400000.0,458000000,3991200000,3046700000,941800000,1.76,0.0146,1.677,12600000
17,LNT,12230730000,26.36,2.73,1709000000,2.73,0.133,-0.051,17.56,0.546,2022-12-31,4205000000.0,928000000,1506000000.0,686000000,20163000000,13887000000,6276000000,1.785,0.0401,2.462,1055000000
18,ALL,42458841000,60.07,-1.2,6443000000,-1.2,-0.676,0.087,-,0.516,2022-12-31,51412000000.0,36317000000,7943000000.0,-1311000000,97989000000,80626000000,17488000000,3.56,0.0222,3.397,8208000000.0
19,GOOGL,1821525017000,22.74,5.8,156633000000,5.8,0.56,0.135,25.69,1.058,2023-12-31,305559000000.0,84293000000,93702000000.0,73795000000,402392000000,119013000000,283379000000,0.0,0.0,1.438,1363000000
20,GOOG,1821642850000,22.74,5.8,156633000000,5.8,0.56,0.135,25.9,1.058,2023-12-31,305559000000.0,84293000000,93702000000.0,73795000000,402392000000,119013000000,283379000000,0.0,0.0,1.45,1363000000
21,MO,70732382000,-2.003,4.57,14183000000,4.57,-0.227,-0.012,8.78,0.688,2022-12-31,24038000000.0,11919000000,235000000.0,5764000000,36954000000,40877000000,-3973000000,3.84,0.0977,6.31,1556000000
22,AMZN,1812081803000,19.44,2.9,225152000000,2.9,50.69,0.139,60.16,1.142,2023-12-31,571668000000.0,36852000000,84992000000.0,30425000000,527854000000,325979000000,201875000000,0.0,0.0,2.54,10526000000
23,AMCR,13239318000,2.745,0.44,2725000000,0.44,-0.7,-0.107,20.68,0.858,2023-06-30,14601000000.0,1508000000,1833000000.0,1048000000,17003000000,12913000000,4026000000,0.495,0.0549,4.07,93000000
24,AEE,18064321000,42.01,4.41,3343000000,4.41,0.075,-0.112,15.58,0.443,2022-12-31,7957000000.0,1515000000,6442000000.0,1074000000,37904000000,27396000000,10508000000,2.48,0.0367,2.626,1410000000
25,AAL,9781382000,-7.95,1.21,11443000000,1.21,-0.974,-0.01,12.3,1.563,2022-12-31,46971000000.0,1607000000,9439000000.0,127000000,64716000000,70515000000,-5799000000,0.1,137.39999771118164,0.153,3274000000
26,AEP,40313655000,48.15,4.36,8414100000,4.36,0.376,-0.033,17.58,0.494,2022-12-31,19639500000.0,3482700000,16156800000.0,2307200000,93403300000,69235000000,23893400000,3.32,0.0464,2.228,6108600000
27,AXP,153615811000,38.81,11.22,28776000000,11.22,0.263,0.092,18.94,1.225,2023-12-31,67364000000.0,-7972000000,13562000000.0,8374000000,261108000000,233051000000,28057000000,2.4,0.0113,1.444,1293000000
28,AIG,48525005000,56.06,5.76,24968000000,5.76,-0.208,-0.09,12,1.031,2022-12-31,56437000000.0,-7471000000,9791000000.0,10276000000,522228000000,478774000000,40970000000,1.36,0.0208,0.549,1500000000
29,AMT,90641121000,9.72,1.5,7447300000,1.5,-0.301,0.055,129.63,0.68,2022-12-31,10711100000.0,2352300000,4486400000.0,1765800000,67194500000,54786000000,5572400000,6.31,0.035,2.678,7109000000
30,AWK,23792949000,50.83,4.84,2203000000,4.84,0.016,0.079,25.25,0.649,2022-12-31,3782000000.0,1273000000,2519000000.0,820000000,27787000000,20094000000,7693000000,2.725,0.0232,3.048,1456000000
31,AMP,39773389000,37.73,21.16,7844000000,21.16,-0.196,0.135,18.76,1.361,2022-12-31,14347000000.0,3170000000,3768000000.0,2559000000,158852000000,155049000000,3803000000,5.2,0.0136,1.4,4230000128.0
32,AME,38889632000,37.83,5.66,2145269000,5.66,0.113,0.065,29.77,1.216,2022-12-31,6070928000.0,1500692000,1162920000.0,1159542000,12431120000,4954608000,7476512000,1.0,0.0066,2.478,226079000
33,AMGN,157748904000,11.65,12.49,19917000000,12.49,-0.526,0.198,23.31,0.617,2022-12-31,51272000000.0,9566000000,13518000000.0,6552000000,65121000000,61460000000,3661000000,8.52,0.0309,2.077,1591000000
34,APH,63158731000,13.94,3.11,4028200000,3.11,0.011,0.027,33.86,1.308,2023-12-31,12554700000.0,2559600000,1952700000.0,1928000000,16526400000,8099900000,8346500000,0.85,0.0084,5.43,353800000
35,ADI,96704569000,71.67,6.55,7877218000,6.55,-0.453,-0.164,29.77,1.193,2023-10-28,12053798000.0,3823112000,4054106000.0,3314579000,48794478000,13229356000,35565122000,3.44,0.0176,2.933,1046276000
36,ANSS,30015113000,57.66,5.54,1884284000,5.54,-0.419,-0.029,61.78,1.169,2022-12-31,2065553000.0,592658000,1222254000.0,523710000,6687945000,1822094000,4865851000,0.0,0.0,3.977,854419328.0
37,AON,62074417000,-4.159,12.5,5823000000,12.5,-0.214,0.078,25.0,0.857,2022-12-31,12142000000.0,3669000000,1177000000.0,2589000000,32704000000,33133000000,-529000000,2.405,0.0079,1.74,945000000
38,APA,9232518000,3.514,5.01,7636000000,5.01,0.164,-0.2,5.96,3.312,2022-12-31,1874000000.0,5620000000,5263000000.0,3536000000,14255000000,11997000000,2258000000,1.0,0.0335,0.17,2000000
39,AAPL,2916202840000,4.793,6.44,170782000000,6.44,0.16,0.021,29.32,1.312,2023-09-30,379352000000.0,114301000000,54847000000.0,96995000000,352583000000,290437000000,62146000000,0.95,0.0051,2.324,15972000000
40,AMAT,154630406000,19.63,8.1,11993000000,8.1,0.288,-0.004,22.94,1.551,2023-10-29,26274000000.0,7654000000,4730000000.0,6856000000,30729000000,14380000000,16349000000,1.22,0.0069,2.19,202000000
41,APTV,22886531000,41.39,10.39,2646000000,10.39,2.744,0.06,7.89,1.937,2023-12-31,20051000000.0,1559000000,3884000000.0,2938000000,24427000000,12583000000,11548000000,0.22,407.8181873668324,0.739,18000000
42,ACGL,31144935000,38.84,7.75,2847711000,7.75,97.08,0.395,10.77,0.574,2022-12-31,9614808000.0,-3739694000,1330949000.0,1476933000,47990000000,35069000000,12910000000,0.0,0.0,2.24,2726000128.0
43,ADM,28295860000,47.16,7.19,7570000000,7.19,-0.169,-0.121,7.38,0.763,2022-12-31,101556000000.0,3685000000,3885000000.0,4340000000,55499000000,37013000000,24939000000,1.75,0.0377,16.43,426000000
44,ANET,87870202000,20.92,6.02,2675696000,6.02,0.522,0.283,46.92,1.131,2022-12-31,4381310000.0,1527106000,1148590000.0,1352446000,6775410000,1889590000,4885820000,0.0,0.0,2.107,65519000.0
45,AJG,51753284000,49.73,4.42,3643900000,4.42,0.076,0.179,54.04,0.688,2023-12-31,9764900000.0,2207000000,1689700000.0,969500000,51615800000,40800500000,10775300000,2.2,0.01,2.09,670000000
46,AIZ,9180740000,90.66,11.95,714400000,11.95,1.693,0.125,14.6,0.49,2022-12-31,10193000000.0,1283400000,102300000.0,276600000,33117300000,28888600000,4228700000,2.82,0.0165,1.46,2115900032.0
47,T,120406335000,14.45,1.97,69893000000,1.97,-0.401,0.022,8.55,0.713,2022-12-31,120741000000.0,-4587000000,55842000000.0,-8524000000,402853000000,337878000000,97500000000,1.11,0.0659,1.296,7467000000
48,ATO,17061512000,74.74,6.25,2058278000,6.25,0.087,-0.219,18.1,0.665,2023-09-30,4275357000.0,1067147000,1802090000.0,885862000,22516968000,11646904000,10870064000,3.025,0.0285,2.72,243501000
49,ADSK,57046852000,6.92,4.24,4583000000,4.24,0.231,0.105,62.9,1.454,2023-01-31,5005000000.0,989000000,3536000000.0,823000000,9438000000,8293000000,1145000000,0.015,16231.999715169271,1.671,2648000000.0
50,ADP,103141384000,10.52,8.6,8510000000,8.6,0.092,0.063,29.07,0.802,2023-06-30,18012200000.0,-8202000000,12208800000.0,3412000000,50971000000,47461900000,3509100000,5.15,0.0224,3.029,1200000
51,AZO,47235535000,-300.92,137.48,9070422000,137.48,0.186,0.051,19.49,0.698,2023-08-26,17457209000.0,3473986000,5728936000.0,2528426000,15985878000,20335772000,-4349894000,0.0,0.0,1.451,86916000
52,AVB,24800082000,83.07,6.57,1689582000,6.57,-0.012,0.106,26.58,0.938,2022-12-31,2593446000.0,1765786000,120301000.0,1136775000,20457764000,9201526000,11253476000,6.6,0.0389,2.65,8135053824.0
53,AVY,16490394000,26.27,6.2,2404200000,6.2,0.176,0.042,33.03,0.903,2022-12-31,8955200000.0,840900000,1563300000.0,757100000,7950500000,5918300000,2032200000,3.18,0.0158,2.2,598600000
54,AXON,20305562000,20.3,1.96,728638000,1.96,3.588,0.327,138.26,0.892,2022-12-31,1185748000.0,93253000,635385000.0,147139000,2851894000,1583403000,1268491000,0.0,0.0,2.86,721136000.0
55,BKR,29288993000,15.4,1.91,4431000000,1.91,1.366,0.157,15.21,1.42,2023-12-31,25330000000.0,2317000000,3888000000.0,1943000000,36945000000,21577000000,15368000000,0.78,0.0286,1.317,148000000
56,BALL,18656358000,12.17,2.23,2583000000,2.23,1.803,-0.041,26.53,0.866,2022-12-31,15054000000.0,1214000000,846000000.0,719000000,19909000000,16382000000,3461000000,0.8,0.0135,1.277,1408000000
57,BAC,261497717000,33.34,3.08,92407000000,3.08,-0.588,-0.11,10.74,1.399,2022-12-31,94950000000.0,12017000000,21495000000.0,27528000000,3051375000000,2778178000000,273197000000,0.92,0.029,7.91,26932000000
58,BK,41930977000,48.24,4.0,16338000000,4.0,-0.468,0.084,13.8,1.108,2022-12-31,16377000000.0,-1275000000,4603000000.0,2573000000,405783000000,364933000000,40734000000,1.58,0.0304,0.585,10508000000
59,BBWI,10104081000,-9.36,3.14,3255000000,3.14,0.303,-0.026,14.24,1.841,2023-01-28,7212000000.0,1376000000,1879000000.0,800000000,5494000000,7700000000,-2206000000,0.8,0.0179,1.5,5709000192.0
60,BAX,20546699000,15.97,-0.15,6031000000,-0.15,0.342,-0.001,-,0.614,2023-12-31,14847000000.0,390000000,6883000000.0,2656000000,28276000000,19808000000,8402000000,1.16,0.0293,1.696,2668000000
61,BDX,70419866000,87.68,4.36,8823000000,4.36,-0.435,0.026,55.91,0.452,2023-09-30,19372000000.0,2111000000,8045000000.0,1484000000,52780000000,26984000000,25796000000,3.68,0.0156,1.338,1141000000
62,BBY,16283937000,13.0,5.79,9912000000,5.79,-0.01,-0.078,13.06,1.511,2023-01-28,46298000000.0,1795000000,8218000000.0,1419000000,15803000000,13008000000,2795000000,3.64,0.0487,1.734,32000000
63,BIO,9478634000,288.77,-6.02,1568430000,-6.02,1.978,-0.072,-,0.886,2022-12-31,5562940000.0,482616000,1122114000.0,-3627535000,13501666000,3886414000,9615252000,0.0,0.0,1.074,1465000
64,TECH,10682759000,12.49,1.39,770215000,1.39,-0.452,0.004,48.88,1.236,2023-06-30,1137169000.0,298944000,470871000.0,285263000,2638692000,672176000,1966516000,0.32,0.0047,1.148,555699008.0
65,BIIB,34917519000,99.96,10.05,7895100000,10.05,-0.438,0.009,23.98,0.003,2022-12-31,10173400000.0,-815000000,5425400000.0,3046900000,24554100000,11165700000,13397900000,0.0,0.0,6.24,0
66,BLK,118385689000,259.34,36.51,8787000000,36.51,0.103,0.068,21.84,1.392,2022-12-31,46595000000.0,6385000000,11488000000.0,5178000000,117628000000,78843000000,37744000000,20.0,0.0256,4.245,9799000064.0
67,BX,155528282000,9.48,1.84,7053217000,1.84,-0.733,-0.303,69.39,1.507,2022-12-31,8517673000.0,2642285000,1367766000.0,1747631000,42524227000,22843160000,7655911000,3.35,0.0262,4.243,89944000
68,BA,127652577000,-28.27,-3.66,5768000000,-3.66,-0.68,0.102,-,1.558,2023-12-31,77794000000.0,-773000000,8830000000.0,-2222000000,137012000000,154240000000,-17233000000,2.055,126.84185093046683,6.53,5204000000
69,BKNG,133917483000,-17.76,141.38,14625000000,141.38,0.663,0.213,26.58,1.411,2022-12-31,17090000000.0,5102000000,11988000000.0,3058000000,25361000000,22579000000,2782000000,0.0,0.0,0.797,521000000
70,BWA,7474749000,25.36,2.69,3101000000,2.69,-0.394,0.062,11.82,1.31,2023-12-31,14198000000.0,1160000000,2208000000.0,625000000,14453000000,8387000000,5828000000,0.56,0.0138,1.356,73000000
71,BXP,10212129000,37.45,1.21,1952127000,1.21,-0.023,0.085,53.04,1.181,2022-12-31,3108581000.0,1030469000,462039000.0,848947000,24207669000,15837237000,6132919000,3.92,0.0611,1.233,16624649216.0
72,BSX,95956189000,12.89,1.07,8679000000,1.07,2.866,0.149,61.22,0.78,2022-12-31,12190000000.0,1649000000,7078000000.0,698000000,32469000000,14896000000,17573000000,0.0,0.0,2.034,20000000
73,BMY,101351391000,14.26,3.86,36378000000,3.86,-0.087,0.006,12.9,0.371,2022-12-31,46159000000.0,-10290000000,28003000000.0,6327000000,96820000000,65702000000,31061000000,2.31,0.0482,0.671,4264000000
74,AVGO,600830837000,59.22,32.96,24947000000,32.96,1.881,0.164,38.94,1.264,2023-10-29,35819000000.0,16207000000,8483000000.0,14082000000,72861000000,48873000000,23988000000,19.05,0.0164,1.921,1608000000
75,BR,23436661000,17.57,5.73,1785400000,5.73,0.229,0.087,34.73,1.012,2023-06-30,5917200000.0,936400000,1204000000.0,630600000,8233200000,5992600000,2240600000,1.45,0.0161,2.095,1178500000
76,BRO,23052440000,19.6,3.05,1750000000,3.05,0.833,0.124,26.56,0.782,2022-12-31,3573400000.0,869100000,2697300000.0,671800000,13973500000,9366900000,4606600000,0.475,0.0064,4.41,250600000
77,BLDR,22859899000,37.12,11.94,7744379000,11.94,-0.239,-0.213,15.52,2.04,2022-12-31,22698852000.0,3770206000,4317570000.0,2749369000,10595160000,5632594000,4962566000,0.0,0.0,0.81,6355000
78,BG,12863799000,80.37,12.92,3918000000,12.92,0.895,-0.103,6.85,0.621,2023-12-31,61264000000.0,2799000000,58465000000.0,1963000000,24580000000,14624000000,9956000000,2.613,0.0299,1.705,5756000256.0
79,CDNS,84867023000,11.45,3.52,3190095000,3.52,0.368,0.134,88.62,1.064,2022-12-31,3534364000.0,1073686000,2126713000.0,848952000,5137071000,2391958000,2745113000,0.0,0.0,3.046,100000000
80,CZR,9599140000,21.32,3.28,5420000000,3.28,0.417,0.037,13.57,2.842,2022-12-31,8497000000.0,1739000000,3996000000.0,-899000000,33527000000,29776000000,3713000000,0.0,0.0,1.16,108000000
81,CPT,10216300000,45.82,3.7,905813000,3.7,3.823,0.032,25.26,0.85,2022-12-31,1350892000.0,-385683000,601061000.0,653613000,9327935000,4271014000,4986620000,4.0,0.0441,8.96,3721435904.0
82,CPB,12848100000,12.6,2.64,2935000000,2.64,-0.212,-0.022,15.91,0.244,2023-07-30,9357000000.0,1312000000,1651000000.0,858000000,12058000000,8395000000,3661000000,1.48,0.0352,1.539,191000000
83,COF,51498553000,139.97,11.95,28403000000,11.95,-0.447,0.004,11.31,1.492,2022-12-31,34250000000.0,-3869000000,13109000000.0,7360000000,455249000000,402667000000,52582000000,2.4,0.0178,7.14,883000000
84,CAH,25527302000,-14.13,2.52,6545000000,2.52,-0.95,0.116,41.65,0.702,2023-06-30,205012000000.0,727000000,6269000000.0,261000000,43417000000,46269000000,-2852000000,1.998,0.0191,0.354,836000000
85,KMX,11810911000,38.25,3.13,2800203000,3.13,1.176,-0.043,23.89,1.599,2023-02-28,29684873000.0,11997000,2792979000.0,484762000,26182736000,20569659000,5613077000,0.0,0.0,0.925,579468000
86,CCL,20495497000,5.45,-0.06,10702000000,-0.06,-0.139,0.406,-,2.58,2023-11-30,19429000000.0,1956000000,17267000000.0,-74000000,49120000000,42238000000,6882000000,0.5,37.08000183105469,1.41,2089000000
87,CARR,50317369000,10.33,1.58,5473000000,1.58,0.582,-0.001,35.45,1.271,2023-12-31,21458000000.0,2296000000,4253000000.0,1349000000,32822000000,23817000000,9005000000,0.745,0.0136,2.221,51000000
88,CTLT,10249652000,20.27,-7.18,1040000000,-7.18,-0.154,-0.102,-,1.204,2023-06-30,4263000000.0,-163000000,1499000000.0,-256000000,10508000000,5733000000,4775000000,0.0,0.0,3.775,5014000128.0
89,CAT,163925426000,38.65,20.11,15565000000,20.11,0.894,0.029,15.77,1.139,2022-12-31,59427000000.0,7904000000,8543000000.0,6705000000,81943000000,66052000000,15891000000,5.1,0.0164,1.874,5957000000
90,CBOE,19439256000,35.84,7.14,1741700000,7.14,0.326,-0.036,25.7,0.602,2022-12-31,3958500000.0,489600000,1252100000.0,235000000,6998900000,3533600000,3465300000,2.05,0.012,1.75,304700000
91,CBRE,26379835000,25.84,1.9,6622158000,1.9,-0.558,0.045,45.55,1.428,2022-12-31,30828246000.0,1511915000,915543000.0,1407370000,20513389000,11907657000,7853273000,0.0,0.0,2.204,668754000
92,CDW,32851010000,15.23,8.09,4686600000,8.09,0.044,-0.077,30.31,1.096,2022-12-31,23513000000.0,1735200000,3192700000.0,1114500000,13131500000,11528200000,1603300000,2.39,0.0101,1.53,56300000
93,CE,16210686000,59.63,18.59,2380000000,18.59,3.964,0.183,8.01,1.353,2022-12-31,9349000000.0,1378000000,1023000000.0,1894000000,26272000000,20635000000,5637000000,2.8,0.0188,16.02,1306000000
94,COR,38515761000,3.394,8.2,8334565000,8.2,0.224,0.115,23.39,0.542,2023-09-30,262173411000.0,2340731000,6418116000.0,1745293000,62558746000,62036743000,522003000,1.915,0.0104,1.577,641344000
95,CNC,41331651000,48.35,4.95,24470000000,4.95,-0.316,0.058,15.62,0.365,2022-12-31,144547000000.0,1318000000,14909000000.0,1202000000,76870000000,52633000000,24057000000,0.0,0.0,0.746,82000000
96,CNP,17377597000,15.19,1.26,3570000000,1.26,0.333,-0.023,21.85,0.936,2022-12-31,9321000000.0,1566000000,471000000.0,1057000000,38546000000,28504000000,10042000000,0.75,0.0291,2.042,2020000000
97,CF,14917652000,29.95,10.76,5861000000,10.76,-0.61,-0.452,7.26,1.012,2022-12-31,11186000000.0,5397000000,850000000.0,3346000000,13313000000,8262000000,5051000000,1.6,0.0256,0.644,3232000000.0
98,CHRW,8710330000,11.96,2.72,1891731000,2.72,-0.677,-0.167,27.45,0.764,2022-12-31,24696625000.0,1266782000,820126000.0,940524000,5954564000,4601142000,1353422000,2.44,0.0327,2.706,1053655000
99,CRL,11399175000,64.45,9.22,1462651000,9.22,-0.101,0.038,24.1,1.379,2022-12-31,4098086000.0,650975000,646101000.0,486226000,7602770000,4579265000,2976293000,0.0,0.0,1.842,3677000
100,SCHW,113856250000,15.7,2.54,20174000000,2.54,-0.477,-0.196,24.95,0.989,2022-12-31,20762000000.0,4808000000,3866000000.0,7183000000,551772000000,515164000000,36608000000,1.0,0.0158,1.468,17050000000
101,CHTR,42282254000,76.34,30.0,24485000000,30.0,-0.079,0.003,9.71,1.026,2023-12-31,54607000000.0,12559000000,33405000000.0,4557000000,147193000000,136107000000,11086000000,0.0,0.0,0.284,2000000000
102,CVX,285165027000,87.55,11.36,98886000000,11.36,-0.633,-0.156,13.3,1.125,2022-12-31,246252000000.0,65133000000,28476000000.0,35465000000,257709000000,97467000000,159282000000,6.04,0.0408,2.575,6014000000
103,CMG,72346722000,111.65,44.32,3374024000,44.32,0.273,0.154,59.53,1.288,2023-12-31,9871649000.0,1557813000,2384392000.0,1228737000,8044362000,4982155000,3062207000,0.0,0.0,2.301,4051624960.0
104,CB,100859216000,146.83,21.8,10626000000,21.8,1.557,0.131,11.34,0.629,2022-12-31,43166000000.0,-20402000000,3728000000.0,5313000000,199017000000,148498000000,50519000000,3.41,0.0139,0.736,475000000
105,CHD,24623395000,15.76,3.05,2250000000,3.05,-0.066,0.064,32.4,0.535,2022-12-31,5375600000.0,597800000,1351800000.0,413900000,8345600000,4855700000,3489900000,1.09,0.0115,3.714,74000000
106,CI,97968366000,158.03,17.72,22981000000,17.72,-0.088,0.116,18.9,0.521,2022-12-31,180516000000.0,8414000000,13455000000.0,6668000000,143885000000,99131000000,44675000000,4.92,0.0167,0.86,2993000000
107,CINF,17095730000,77.06,11.66,-533000000,11.66,0.171,0.078,9.34,0.638,2022-12-31,6557000000.0,-4918000000,42000000.0,-486000000,29732000000,19170000000,10562000000,3.0,0.0298,-158.72,874000000.0
108,CTAS,62669578000,39.41,13.78,3632246000,13.78,0.157,0.093,44.86,1.272,2023-05-31,8706253000.0,1802664000,2520704000.0,1348010000,8546356000,4682370000,3863986000,5.0,0.0087,3.578,13595000
109,CSCO,203702256000,11.17,3.31,35753000000,3.31,0.369,0.076,15.14,0.88,2023-07-29,56682000000.0,15031000000,20722000000.0,12613000000,101852000000,57499000000,44353000000,1.55,0.0311,3.076,1733000000
110,C,103319044000,98.71,4.04,70560000000,4.04,-0.001,-0.1,13.36,1.512,2022-12-31,75338000000.0,4809000000,14398000000.0,14845000000,2417000000000,2214838000000,201189000000,2.08,0.0389,0.717,47096000000
111,CFG,14692167000,47.87,3.13,7547000000,3.13,-0.728,-0.108,10.06,1.376,2022-12-31,8021000000.0,829000000,1977000000.0,2073000000,226733000000,203043000000,23690000000,1.68,0.0533,0.263,3000000
112,CLX,19139736000,0.427,0.63,2905000000,0.63,-0.064,0.16,243.17,0.418,2023-06-30,7286000000.0,1032000000,1876000000.0,149000000,5945000000,5557000000,220000000,4.78,0.0313,2.462,59000000
113,CME,73830351000,78.38,8.39,5008800000,8.39,0.102,0.09,24.44,0.484,2022-12-31,5019400000.0,3015900000,844800000.0,2691000000,174175700000,147297000000,26878700000,4.3,0.0419,4.581,16000000
114,CMS,16568331000,23.86,3.01,2762000000,3.01,0.805,-0.144,18.63,0.381,2023-12-31,7462000000.0,1235000000,2210000000.0,887000000,33517000000,25973000000,7544000000,1.923,0.0367,2.181,980000000
115,KO,258669674000,6.09,2.47,25004000000,2.47,0.092,0.08,24.11,0.588,2022-12-31,43004000000.0,10909000000,14181000000.0,9542000000,92763000000,68658000000,24105000000,1.82,0.0309,2.806,2772000000
116,CTSH,39003501000,26.56,4.21,7039000000,4.21,0.101,-0.017,18.31,1.078,2022-12-31,19428000000.0,2968000000,4021000000.0,2290000000,17852000000,5543000000,12309000000,1.17,0.0156,1.34,13000000
117,CL,69377376000,0.74,2.77,10248000000,2.77,144.31,0.069,30.13,0.41,2022-12-31,17967000000.0,2893000000,7686000000.0,1785000000,15731000000,14925000000,401000000,1.91,0.023,1.535,25000000
118,CMCSA,166698582000,20.79,3.71,83214000000,3.71,0.144,0.023,11.34,1.014,2023-12-31,121572000000.0,23314000000,15249000000.0,15388000000,264811000000,182108000000,82703000000,1.16,0.0295,0.686,2069000000
119,CMA,6772962000,45.58,6.44,3474000000,6.44,-0.923,-0.22,7.97,1.309,2022-12-31,3601000000.0,1093000000,450000000.0,1151000000,85406000000,80225000000,5181000000,2.84,0.0553,0.316,3211000000
120,CAG,13431945000,18.84,2.05,2860600000,2.05,-0.243,-0.032,13.37,0.428,2023-05-28,11852600000.0,1464200000,3075100000.0,683600000,22052600000,13245300000,8736800000,1.36,0.0511,0.677,2157400000
121,COP,134185681000,41.83,9.06,39598000000,9.06,-0.021,-0.208,12.27,1.255,2022-12-31,78494000000.0,36311000000,6552000000.0,18680000000,93829000000,45826000000,48003000000,4.61,0.0222,0.721,417000000
122,ED,30745293000,61.1,6.77,7685000000,6.77,-0.116,-0.07,13.16,0.371,2022-12-31,15670000000.0,2624000000,13046000000.0,1660000000,69065000000,48378000000,20687000000,3.22,0.0373,2.554,1402000000
123,STZ,44434432000,51.81,8.61,4711000000,8.61,0.23,0.014,28.17,0.962,2023-02-28,19569700000.0,2842900000,2993600000.0,-71000000,24662300000,15928400000,8413600000,3.47,0.0147,2.039,1184300000
124,CEG,42212721000,36.53,5.22,2227000000,5.22,-0.094,0.01,25.32,0.547,2022-12-31,24440000000.0,495000000,2115000000.0,-160000000,46909000000,35537000000,11018000000,0.99,0.0086,0.861,1302000000
125,COO,18711484000,152.54,5.9,2357900000,5.9,0.28,0.093,63.83,0.942,2023-10-31,3487900000.0,533100000,1824800000.0,294200000,11658900000,4107900000,7550800000,0.06,0.0002,2.618,45400000
126,CPRT,48933417000,6.68,1.37,1769369000,1.37,0.36,0.142,37.16,1.222,2023-07-31,3956092000.0,1486569000,280745000.0,1237741000,6737879000,750439000,5987440000,0.0,0.0,3.162,13000
127,GLW,27335727000,14.09,0.68,4843000000,0.68,-0.208,-0.121,47.12,1.09,2022-12-31,14189000000.0,1438000000,3524000000.0,1316000000,29499000000,17224000000,12008000000,1.12,0.035,1.129,224000000
128,CTVA,37587538000,35.7,1.3,7026000000,1.3,-0.246,-0.031,41.23,0.729,2023-12-31,17226000000.0,-1966000000,5412000000.0,735000000,42996000000,17959000000,25037000000,0.63,0.0119,1.188,198000000
129,CSGP,33947216000,17.67,0.99,1768391000,0.99,0.222,0.122,83.97,0.846,2022-12-31,2133165000.0,450949000,1317442000.0,369453000,8402470000,1532349000,6870121000,0.0,0.0,3.366,1096499968.0
130,COST,321374814000,58.92,14.68,30095000000,14.68,0.166,0.062,49.28,0.759,2023-09-03,242290000000.0,8114000000,21759000000.0,6292000000,68994000000,43936000000,25058000000,3.96,0.0056,5.15,1081000000
131,CTRA,18428705000,16.98,2.89,7636000000,2.89,-0.72,-0.497,8.41,0.182,2022-12-31,9051000000.0,5209000000,487000000.0,4065000000,20154000000,7484000000,12659000000,1.65,0.0329,44.67,6000000
132,CCI,47011889000,14.7,3.46,4918000000,3.46,-0.126,-0.051,31.33,0.755,2022-12-31,6986000000.0,2425000000,1432000000.0,1675000000,38921000000,31472000000,7449000000,6.26,0.0577,9.42,819000000
133,CSX,73255051000,6.16,1.85,7390000000,1.85,-0.078,-0.013,19.94,1.191,2022-12-31,14396000000.0,6023000000,8666000000.0,4166000000,41912000000,29287000000,12625000000,0.44,0.0119,3.202,151000000
134,CMI,35702403000,62.41,5.16,6736000000,5.16,0.628,0.099,48.79,1.022,2022-12-31,28074000000.0,2929000000,5152000000.0,2151000000,30299000000,20074000000,8975000000,6.5,0.0267,0.638,3357000000
135,CVS,96044909000,59.36,6.47,53456000000,6.47,-0.105,0.12,11.8,0.49,2023-12-31,357776000000.0,13743000000,44372000000.0,8344000000,249728000000,173092000000,76461000000,2.42,0.0349,1.101,2972000000
136,DHR,181746991000,72.36,5.66,18949000000,5.66,-0.281,-0.103,42.92,0.871,2022-12-31,31383000000.0,8688000000,11783000000.0,7209000000,84350000000,34268000000,50082000000,1.05,0.004,3.166,591000000
137,DRI,20082483000,17.07,8.27,1995000000,8.27,0.159,0.097,20.27,1.26,2023-05-28,10461500000.0,1201800000,550200000.0,981900000,10241500000,8040000000,2201500000,5.04,0.0307,2.007,13500000
138,DVA,10123182000,13.13,6.44,3400341000,6.44,1.319,0.059,17.06,1.003,2022-12-31,11609894000.0,1339062000,2059794000.0,560400000,16928252000,14703452000,712326000,0.0,0.0,0.438,231404000
139,DE,108028609000,77.37,34.62,21117000000,34.62,0.112,-0.009,11.01,1.061,2023-10-29,61251000000.0,12958000000,8261000000.0,10166000000,104087000000,82201000000,21785000000,5.05,0.0154,2.03,17939000000
140,DAL,26066684000,17.18,7.17,9680000000,7.17,1.432,0.059,5.65,1.423,2022-12-31,49453000000.0,3661000000,7778000000.0,1318000000,72288000000,65706000000,6582000000,0.0,0.0099,23.16,3459000000
141,XRAY,7025291000,15.94,-1.01,2127000000,-1.01,0.178,0.0,-,1.019,2022-12-31,3908000000.0,-1197000000,3327000000.0,-950000000,7643000000,3831000000,3811000000,0.545,0.0171,2.047,118000000
142,DVN,27172078000,18.16,5.87,11329000000,5.87,-0.507,-0.259,7.09,2.221,2022-12-31,19169000000.0,18337000000,413000000.0,6015000000,23721000000,12554000000,11167000000,3.45,0.069,0.395,510000000
143,DXCM,48979730000,5.37,1.3,1883100000,1.3,1.81,0.269,92.67,1.198,2023-12-31,3603200000.0,597700000,1691200000.0,541500000,6264500000,4195900000,2068600000,0.0,0.0,2.464,4700000
144,FANG,27470555000,91.04,17.63,8173000000,17.63,-0.246,-0.083,8.61,1.884,2022-12-31,9643000000.0,6508000000,270000000.0,4386000000,26209000000,10519000000,15009000000,7.99,0.0527,1.201,10000000
145,DLR,45490246000,57.65,2.88,2660775000,2.88,2.097,0.172,51.11,0.557,2022-12-31,4691834000.0,589968000,4101866000.0,377684000,41484998000,21862854000,17583334000,4.88,0.0332,3.421,19124754432.0
146,DFS,27301333000,59.31,11.26,10465000000,11.26,-0.592,0.079,9.7,1.429,2022-12-31,11161000000.0,452000000,3114000000.0,4392000000,131706000000,117362000000,14344000000,2.7,0.0256,24.95,21330999296.0
147,DG,29774866000,29.39,8.69,11820098000,8.69,-0.46,0.024,15.56,0.392,2023-02-03,37844863000.0,3328302000,8491796000.0,2415989000,29083367000,23541595000,5541772000,2.32,0.0175,7.02,18086733824.0
148,DLTR,30700323000,41.3,5.27,8935400000,5.27,-0.193,0.054,26.47,0.899,2023-01-28,28331700000.0,2236300000,223900000.0,1615400000,23022100000,14270600000,8751500000,0.0,0.0,2.473,0
149,D,37404828000,31.36,3.01,7923000000,3.01,-0.816,-0.039,14.85,0.606,2022-12-31,17174000000.0,1596000000,6042000000.0,994000000,104243000000,76362000000,27881000000,2.67,0.0597,2.311,6760000000
150,DPZ,14879511000,-112.88,14.62,1163276000,14.62,0.301,0.031,29.08,0.838,2021-12-31,4537158000.0,767925000,880681000.0,452263000,1602221000,5791286000,-4189065000,4.73,0.0114,2.49,54813000
151,DOV,22456541000,36.5,7.51,3070411000,7.51,0.128,-0.016,21.38,1.259,2023-12-31,8306829000.0,1366343000,2084833000.0,1056828000,11348513000,6241908000,5106605000,2.03,0.0127,1.183,471352000
152,DOW,37916799000,26.5,0.82,8564000000,0.82,-0.588,-0.104,65.84,1.309,2023-12-31,44622000000.0,479000000,3418000000.0,589000000,57967000000,39360000000,18607000000,2.8,0.0519,0.712,179000000
153,DHI,48083603000,69.7,13.88,8912500000,13.88,0.022,0.065,10.44,1.645,2023-09-30,35460400000.0,5961900000,3388500000.0,4745700000,32582400000,9444500000,22696200000,1.05,0.0083,0.572,5505500160.0
154,DTE,21555757000,53.55,6.76,3668000000,6.76,0.539,-0.242,15.45,0.646,2023-12-31,12745000000.0,2243000000,1034000000.0,1397000000,44755000000,33705000000,11050000000,3.878,0.0391,1.748,3425000000
155,DUK,71406428000,61.15,5.35,13112000000,5.35,-0.124,0.104,17.14,0.476,2022-12-31,26329000000.0,6012000000,2823000000.0,2550000000,178086000000,128764000000,49322000000,4.06,0.0447,2.328,8259000000
156,DD,29109846000,56.45,1.09,4615000000,1.09,-0.039,-0.066,62.09,1.199,2022-12-31,13171000000.0,4927000000,-2349000000.0,5868000000,41355000000,14338000000,26569000000,1.44,0.0225,1.638,300000000
157,EMN,9734729000,45.16,7.49,2176000000,7.49,310.9,-0.07,10.99,1.542,2022-12-31,10580000000.0,603000000,1534000000.0,793000000,14667000000,9431000000,5153000000,3.18,0.0393,0.959,1126000000
158,ETN,110989427000,47.64,8.03,6887000000,8.03,0.305,0.108,34.62,1.043,2022-12-31,20562000000.0,2359000000,4314000000.0,2462000000,35014000000,17976000000,17038000000,3.44,0.0124,2.635,334000000
159,EBAY,22021169000,11.34,4.98,7115000000,4.98,-0.62,0.05,8.52,1.298,2022-12-31,9795000000.0,2350000000,4765000000.0,-1269000000,20850000000,15697000000,5153000000,0.97,0.0236,2.221,1150000000
160,ECL,57852031000,23.46,4.32,5426700000,4.32,0.065,0.178,46.93,1.085,2022-12-31,14402400000.0,1562500000,4161200000.0,1108900000,21464300000,14205700000,7236100000,2.12,0.0112,2.234,505100000
161,EIX,24824547000,35.7,3.21,9414000000,3.21,0.46,-0.101,20.16,0.978,2022-12-31,17220000000.0,1483000000,-81000000.0,824000000,78041000000,60519000000,15621000000,2.95,0.0482,1.973,4629000000
162,EW,52037681000,10.99,2.34,4303600000,2.34,-0.062,0.138,36.33,1.035,2022-12-31,5362000000.0,1748500000,2589400000.0,1521900000,8292500000,2485800000,5806700000,0.0,0.0,5.2,694899968.0
163,EA,37592084000,28.09,3.97,5754000000,3.97,0.466,0.034,35.42,0.775,2023-03-31,7426000000.0,1332000000,4302000000.0,802000000,13459000000,6166000000,7293000000,0.76,0.0054,1.371,2216999936.0
164,ELV,118908051000,166.69,25.2,40112000000,25.2,-0.077,0.068,20.08,0.785,2022-12-31,156595000000.0,8452000000,19313000000.0,6025000000,102755000000,66425000000,36243000000,5.92,0.0129,0.846,1765000000
165,LLY,702639047000,12.48,5.55,21911600000,5.55,0.131,0.281,133.36,0.316,2022-12-31,28541400000.0,564300000,14455500000.0,6244800000,49489800000,38840000000,10649800000,4.52,0.007,1.779,1501100000
166,EMR,58999435000,36.16,3.41,7427000000,3.41,-0.937,0.221,30.26,1.337,2023-09-30,15115000000.0,1882000000,5545000000.0,13219000000,42746000000,22057000000,20689000000,2.085,0.0203,2.304,547000000
167,ENPH,16723402000,7.23,3.07,974595000,3.07,-0.858,-0.582,39.89,1.468,2023-12-31,2290786000.0,445741000,612647000.0,438936000,3383012000,2399388000,983624000,0.0,0.0,2.41,1317760000.0
168,ETR,20713779000,64.74,6.94,5278351000,6.94,0.146,-0.148,14.11,0.708,2022-12-31,12477921000.0,2050775000,2646053000.0,1103166000,58595191000,45628206000,12966985000,4.28,0.0461,1.605,3136658000
169,EOG,65930945000,47.61,13.48,20132000000,13.48,-0.284,-0.196,8.24,1.402,2022-12-31,25702000000.0,9966000000,1116000000.0,7759000000,41371000000,16592000000,24779000000,3.3,0.0328,2.606,1316000000
170,EPAM,16569851000,57.19,8.02,1560315000,8.02,-0.373,-0.061,35.69,1.457,2022-12-31,4741061000.0,572966000,1001062000.0,419416000,4009151000,1006141000,3001532000,0.0,0.0,1.33,2861000
171,EQT,14293776000,34.53,7.3,9722660000,7.3,-0.882,-0.73,4.703,1.129,2022-12-31,7497689000.0,2717997000,711184000.0,1770965000,22669926000,11456598000,11172474000,0.6,0.0184,0.587,422632000
172,EFX,31078975000,36.77,4.41,2945000000,4.41,0.205,0.107,56.5,1.505,2022-12-31,4937400000.0,1056000000,1897500000.0,696200000,11547900000,7574600000,3956500000,1.56,0.0063,1.444,967200000
173,EQIX,80341656000,126.61,9.32,2971686000,9.32,0.274,0.165,91.82,0.587,2022-12-31,7279640000.0,1200528000,2690749000.0,704345000,30310742000,18804910000,11505966000,13.33,0.0199,3.827,161267000
174,EQR,22454030000,29.13,2.2,1752599000,2.2,0.957,0.04,26.75,0.857,2022-12-31,2754656000.0,1116046000,71160000.0,776911000,20218262000,8517310000,11173439000,2.65,0.045,2.804,130000000
175,ESS,15242405000,84.46,6.32,1122739000,6.32,-0.644,0.035,36.36,0.818,2022-12-31,1606814000.0,595229000,598028000.0,408315000,12372905000,6450639000,5716372000,9.24,0.0402,3.013,6275125760.0
176,EL,50462274000,15.94,1.29,13432000000,1.29,-0.202,-0.074,111.12,1.067,2023-06-30,15699000000.0,1509000000,9837000000.0,1010000000,23415000000,17830000000,5585000000,2.64,0.0184,7.52,997000000
177,ETSY,9350964000,-5.2,2.47,1821519000,2.47,-0.122,0.07,31.62,2.054,2022-12-31,2566111000.0,-658560000,2480079000.0,-694288000,2634961000,3182235000,-547274000,0.0,0.0,6.91,4731000
178,EG,15384492000,304.19,60.17,852900000,60.17,0.466,0.136,5.88,0.571,2022-12-31,12060000000.0,-9980000000,3210000000.0,597000000,39966000000,31526000000,8441000000,6.8,0.0198,-50,3385999872.0
179,EVRG,11274707000,42.44,2.96,2634100000,2.96,-0.178,-0.126,16.58,0.564,2022-12-31,5859100000.0,1267200000,1406700000.0,752700000,29489900000,20006200000,9483700000,2.45,0.0529,2.633,1777100000
180,ES,19205943000,44.91,3.34,5409934000,3.34,-0.03,-0.132,16.46,0.58,2022-12-31,12289300000.0,2198200000,10091182000.0,1412400000,53230900000,37757742000,15473158000,2.663,0.052,1.87,1323929000
181,EXC,33685588000,25.59,2.15,8114000000,2.15,0.029,0.234,15.74,0.604,2022-12-31,19078000000.0,3315000000,15761000000.0,2170000000,95349000000,70605000000,24744000000,1.418,0.0426,2.414,4388000000
182,EXPE,22142120000,11.19,5.31,10010000000,5.31,-0.165,0.103,24.69,1.904,2023-12-31,12534000000.0,1033000000,7209000000.0,797000000,21642000000,20108000000,1534000000,0.34,446.44115672392,0.268,6632999936.0
183,EXPD,18516742000,17.12,5.34,2275468000,5.34,-0.543,-0.498,23.85,1.018,2022-12-31,17046391000.0,1824371000,567341000.0,1357399000,5590434000,2480413000,3110021000,1.36,0.0108,1.57,527732992.0
184,EXR,31347171000,68.81,5.31,1515898000,5.31,-0.416,0.496,27.0,0.755,2022-12-31,1924170000.0,1050402000,456132000.0,860688000,12167458000,8089184000,3259597000,6.36,0.0452,14.78,11194519552.0
185,XOM,412864578000,51.57,8.89,133715000000,8.89,-0.381,-0.131,11.45,0.96,2022-12-31,413680000000.0,390705000000,11654000000.0,55740000000,369067000000,166594000000,195049000000,3.68,0.0373,1.689,634000000
186,FFIV,10973825000,48.66,7.67,2219861000,7.67,0.933,-0.011,24.33,1.114,2023-09-30,2827869000.0,472568000,1747293000.0,394948000,5248333000,2888238000,2800232000,0.0,0.0,1.721,276308992.0
187,FDS,18189683000,44.69,12.37,1112283000,12.37,0.091,0.074,38.61,0.753,2023-08-31,2019225000.0,629207000,837776000.0,468173000,3962922000,2342992000,1619930000,3.83,0.0082,2.529,1772615040.0
188,FICO,32899459000,-29.17,17.87,1202504000,17.87,0.25,0.108,74.08,1.232,2023-09-30,1417234000.0,642830000,570696000.0,429375000,1575281000,2263271000,-687990000,0.02,58200.50048828125,2.804,50000000
189,FAST,40067756000,5.86,2.02,3215800000,2.02,0.084,0.037,34.66,1.037,2023-12-31,7340200000.0,1528700000,1834400000.0,1155000000,4462900000,1114100000,3348800000,1.4,0.0223,3.615,60000000
190,FRT,8395479000,33.35,3.44,730580000,3.44,-0.646,0.046,29.4,1.243,2022-12-31,1074378000.0,526408000,711827000.0,385491000,8233991000,5021606000,2954012000,4.33,0.0431,8.25,4687716864.0
191,FDX,60629037000,107.11,16.86,24396000000,16.86,-0.133,0.139,14.39,1.211,2023-05-31,89461000000.0,4912000000,15346000000.0,3972000000,87143000000,61055000000,26088000000,4.93,0.0208,0.845,126000000
192,FIS,36591809000,34.23,-27.76,5708000000,-27.76,0.202,0.031,-,0.956,2022-12-31,14228000000.0,-16119000000,23944000000.0,-16720000000,63278000000,35872000000,27218000000,2.03,0.0337,1.288,5885000000
193,FITB,22919856000,25.04,3.22,7823000000,3.22,-0.288,-0.016,10.45,1.291,2022-12-31,8384000000.0,1192000000,1615000000.0,2446000000,207452000000,190125000000,17327000000,1.36,0.0404,3.691,5226000000
194,FSLR,16186866000,58.99,4.42,127658000,4.42,2.058,0.274,34.28,1.412,2022-12-31,2619319000.0,-27236000,350605000.0,-44166000,8251228000,2415173000,5836055000,0.0,0.0,1.576,543318016.0
195,FE,21409038000,18.25,0.95,8231000000,0.95,0.196,0.003,39.27,0.482,2022-12-31,12459000000.0,1910000000,4973000000.0,406000000,46108000000,35465000000,10166000000,1.56,0.044,2.421,451000000
196,FI,86564823000,49.54,4.98,9745000000,4.98,0.179,0.062,28.96,0.906,2022-12-31,17737000000.0,3740000000,9963000000.0,2530000000,83869000000,52181000000,30828000000,0.0,0.0,0.964,468000000
197,FLT,19740600000,45.55,13.21,2662422000,13.21,0.144,0.061,20.7,1.26,2022-12-31,3427100000.0,1446641000,1412095000.0,954327000,14089260000,11547767000,2541493000,0.0,0.0,1.181,2314056000
198,FMC,6492451000,35.5,11.31,2326800000,11.31,3.082,-0.293,4.576,0.876,2022-12-31,5573700000.0,1144300000,1246100000.0,736500000,11171300000,7793400000,3377900000,2.32,0.0448,1.846,540800000
199,F,50981716000,10.76,1.08,17215000000,1.08,1.938,0.045,11.74,1.643,2023-12-31,176191000000.0,5458000000,22012000000.0,4347000000,273310000000,230512000000,42773000000,0.6,0.0473,0.722,151106994176.0
200,FTNT,54091583000,-0.606,1.46,3332500000,1.46,0.018,0.103,48.25,1.094,2022-12-31,4313600000.0,969600000,2362900000.0,857300000,6228000000,6509600000,-281600000,0.0,0.0,1.907,1055100032.0
201,FTV,29002889000,29.42,2.43,3363400000,2.43,0.177,0.035,34.03,1.174,2022-12-31,5709200000.0,987400000,2754100000.0,755200000,15890600000,6207200000,9683400000,0.29,0.0039,1.423,999700000
202,FOXA,13158072000,21.52,1.71,5224000000,1.71,-0.608,-0.081,17.41,0.822,2023-06-30,14913000000.0,604000000,11738000000.0,1239000000,21866000000,11488000000,10378000000,0.51,0.0175,17.45,1249000000
203,FOX,13160491000,21.52,1.71,5224000000,1.71,-0.608,-0.081,16.05,0.822,2023-06-30,14913000000.0,604000000,11738000000.0,1239000000,21866000000,11488000000,10378000000,0.51,0.0189,16.08,1249000000
204,BEN,14269723000,24.26,1.9,3140100000,1.9,0.55,0.012,14.26,1.434,2023-09-30,7724000000.0,1102300000,6747100000.0,882800000,30121200000,16547300000,11916900000,1.21,0.0458,39.7,3912300032.0
205,FCX,54663283000,11.56,1.28,9710000000,1.28,-0.444,0.026,29.19,2.059,2022-12-31,22780000000.0,7037000000,1154000000.0,3468000000,51093000000,26222000000,15555000000,0.6,0.0161,0.2,1037000000
206,GRMN,23585372000,33.17,5.42,2806775000,5.42,0.229,0.12,22.74,0.981,2022-12-31,4851095000.0,1027845000,1778930000.0,973585000,7731170000,1526830000,6204340000,2.92,0.0237,1.976,140811008.0
207,IT,36525375000,7.21,11.63,3782075000,11.63,-0.176,0.054,39.86,1.303,2022-12-31,5479129000.0,1100106000,2726890000.0,807799000,7299736000,7071938000,227798000,1.195,377.4978956916841,1.99,7800000
208,GEHC,37038735000,15.66,3.04,7179000000,3.04,-0.279,0.054,26.76,1.03,2023-12-31,18952000000.0,2435000000,5487000000.0,1568000000,32454000000,25144000000,7133000000,0.12,0.0015,19.13,1006000000
209,GEN,13598029000,3.796,2.21,2388000000,2.21,-0.12,0.016,9.66,1.131,2023-03-31,3338000000.0,1227000000,1522000000.0,1349000000,15947000000,13747000000,2200000000,0.5,0.024,5.06,233000000
210,GNRC,7810409000,38.52,2.53,1522004000,2.53,0.169,-0.016,50.16,1.45,2022-12-31,4496168000.0,566330000,955674000.0,399502000,5169462000,2799736000,2257381000,5.0,25.848001098632814,1.806,61723000
211,GD,74012959000,77.97,12.02,6622000000,12.02,0.014,0.075,22.47,0.677,2023-12-31,42272000000.0,4245000000,3290000000.0,3315000000,54810000000,33511000000,21299000000,5.28,0.0195,1.649,507000000
212,GE,151582605000,25.15,7.98,18536000000,7.98,-0.232,0.154,17.45,1.186,2023-12-31,67954000000.0,45321000000,12342000000.0,9481000000,163045000000,134466000000,27378000000,0.32,0.0023,1.614,1253000000
213,GIS,36379066000,16.49,4.11,6545800000,4.11,0.01,-0.016,15.17,0.145,2023-05-28,1957400000.0,3433800000,3369600000.0,2593900000,31451700000,20751700000,10449600000,2.26,0.0379,1.802,1740800000
214,GM,44618932000,53.57,7.32,21154000000,7.32,0.135,-0.003,5.27,1.5,2023-12-31,171842000000.0,9298000000,162544000000.0,10127000000,273064000000,204757000000,64286000000,0.36,0.0124,0.719,122911997952.0
215,GPC,20073404000,29.85,8.86,7740104000,8.86,0.132,0.026,16.16,0.947,2022-12-31,22227692000.0,1614199000,6125905000.0,1182701000,16495379000,12705016000,3790363000,3.745,0.0265,1.484,252029000
216,GILD,91957838000,18.26,4.5,21624000000,4.5,-0.123,-0.037,16.37,0.213,2022-12-31,26413000000.0,7330000000,16094000000.0,4592000000,63171000000,41931000000,21240000000,3.0,0.0418,0.416,2273000000
217,GPN,35576922000,86.19,3.28,5228998000,3.28,0.324,0.083,41.46,1.0,2022-12-31,8338021000.0,640151000,5056278000.0,111493000,44809014000,22268804000,22303506000,1.0,0.0074,0.194,1169330000
218,GL,11853310000,41.9,10.08,1350660000,10.08,0.345,0.07,12.49,0.695,2022-12-31,5214906000.0,990666000,661470000.0,739704000,25927141000,21977564000,3949577000,0.9,0.0071,0.74,614603000
219,GS,125566190000,298.5,22.86,37530000000,22.86,0.648,0.116,16.81,1.424,2022-12-31,68711000000.0,11795000000,7988000000.0,11261000000,1441799000000,1324610000000,117189000000,10.5,0.0286,3.041,152927000000
220,HAL,31180265000,10.56,2.92,3243000000,2.92,0.013,0.028,11.82,2.022,2023-12-31,23020000000.0,4083000000,664000000.0,2638000000,24683000000,15250000000,9391000000,0.64,0.0197,1.022,0
221,HIG,27106785000,50.23,7.97,7379000000,7.97,0.393,0.061,11.39,0.869,2022-12-31,22362000000.0,-15869000000,5056000000.0,1815000000,73008000000,59332000000,13676000000,1.745,0.0207,1.41,4361999872.0
222,HAS,7031201000,15.84,-4.02,2915700000,-4.02,-0.492,-0.103,-,0.704,2022-12-31,5856700000.0,407700000,2853300000.0,203500000,9295900000,6434000000,2861900000,2.8,0.0553,1.448,255600000
223,HCA,81989919000,-6.54,18.96,23177000000,18.96,-0.186,0.117,16.16,1.66,2022-12-31,60233000000.0,20223000000,10439000000.0,5643000000,52438000000,55205000000,-2767000000,2.4,0.0086,1.375,501000000
224,PEAK,9843363000,11.61,0.56,1194700000,0.56,126.35,0.056,30.96,1.026,2023-12-31,2181003000.0,-488064000,902060000.0,306009000,15698850000,8773980000,6350446000,0.0,0.0692,3.191,7083041792.0
225,HSIC,9733694000,28.1,3.38,3831000000,3.38,-0.037,0.031,21.81,0.846,2022-12-31,12603000000.0,747000000,3143000000.0,538000000,8607000000,3936000000,3446000000,0.0,0.0,1.742,109000000
226,HSY,41372074000,20.02,9.07,4498547000,9.07,-0.115,0.002,21.55,0.356,2022-12-31,10318574000.0,2260787000,2374102000.0,1644817000,10948820000,7649276000,3299544000,4.456,0.028,3.135,1447368000
227,HES,44928078000,29.18,4.49,7741000000,4.49,-0.167,0.025,31.64,1.288,2022-12-31,11570000000.0,8427000000,1882000000.0,2096000000,21695000000,13199000000,7855000000,1.75,0.0123,0.29,24000000
228,HPE,20150006000,16.51,1.54,10239000000,1.54,0.129,-0.066,10.05,1.217,2023-10-31,29135000000.0,2089000000,7785000000.0,2025000000,57153000000,35971000000,21182000000,0.48,0.0336,1.157,4868000000
229,HLT,49057870000,-9.31,4.32,2737000000,4.32,-0.525,0.071,44.48,1.265,2023-12-31,10235000000.0,2225000000,593000000.0,1141000000,15401000000,17748000000,-2360000000,0.6,0.0031,1.3,39000000
230,HOLX,17238718000,19.84,2.11,2481400000,2.11,0.373,-0.057,34.81,1.018,2023-09-30,4030400000.0,668400000,1403100000.0,456000000,9139300000,4122400000,5016900000,0.0,0.0,1.565,290100000
231,HD,361996616000,1.436,15.62,52778000000,15.62,-0.101,-0.03,23.25,0.981,2023-01-29,157403000000.0,24039000000,28739000000.0,17105000000,76445000000,74883000000,1562000000,8.36,0.023,2.256,1231000000
232,HON,128448463000,25.03,8.47,11641000000,8.47,0.268,0.028,23.0,1.044,2022-12-31,35397000000.0,-2382000000,7887000000.0,4966000000,62275000000,45578000000,16697000000,4.17,0.0223,1.944,4447000000
233,HRL,16115368000,14.15,1.45,1999841000,1.45,-0.297,-0.026,20.04,0.231,2023-10-29,12036608000.0,1072046000,1030230000.0,793572000,13448772000,5713887000,7734885000,1.1,0.0389,4.271,959126000
234,HST,14008472000,9.74,1.05,1530000000,1.05,-0.019,0.019,18.65,1.326,2022-12-31,4752000000.0,775000000,736000000.0,633000000,12269000000,5390000000,6710000000,0.57,0.0332,1.139,413000000
235,HWM,24362891000,9.27,1.54,1596000000,1.54,1.368,0.157,38.05,1.232,2022-12-31,5433000000.0,919000000,725000000.0,469000000,10255000000,6654000000,3601000000,0.16,0.0031,0.803,0
236,HPQ,28161436000,-1.081,3.26,11508000000,3.26,-0.296,-0.065,8.72,1.056,2023-10-31,53718000000.0,3456000000,7967000000.0,3263000000,37004000000,38073000000,-1069000000,1.05,0.0388,3.078,230000000
237,HUBB,19467137000,53.55,14.05,1481500000,14.05,0.633,0.103,25.84,0.918,2023-12-31,5333700000.0,1038500000,931300000.0,759800000,6914000000,4024700000,2877000000,4.58,0.0134,2.242,117400000
238,HUM,45257101000,133.05,20.0,17180000000,20.0,-0.285,0.179,18.51,0.466,2022-12-31,92870000000.0,3800000000,12763000000.0,2806000000,43055000000,27685000000,15311000000,3.54,0.0096,1.533,2092000000
239,HBAN,17973651000,11.71,1.24,6956000000,1.24,-0.646,-0.145,10.01,1.128,2022-12-31,7456000000.0,1628000000,1627000000.0,2238000000,182906000000,165137000000,17731000000,0.62,0.05,2.794,2027000000
240,HII,10843893000,103.31,17.06,1440000000,17.06,1.249,0.13,16.06,0.579,2023-12-31,11454000000.0,781000000,1191000000.0,681000000,11215000000,7122000000,4093000000,5.02,0.019,3.723,231000000
241,IBM,170150593000,24.63,8.14,32688000000,8.14,0.197,0.041,22.89,0.716,2022-12-31,60530000000.0,6408000000,26279000000.0,1639000000,127243000000,105222000000,21944000000,6.63,0.0356,4.306,9511000000
242,IEX,17257740000,46.84,7.85,1435400000,7.85,-0.161,-0.027,29.07,0.952,2022-12-31,3181900000.0,751400000,803200000.0,586900000,5511900000,2472300000,3039300000,2.56,0.0112,2.35,0
243,IDXX,47639286000,17.87,10.07,2004338000,10.07,0.126,0.088,56.82,1.253,2022-12-31,3367324000.0,898765000,1219665000.0,679089000,2746765000,2138028000,608737000,0.0,0.0,5.65,74982000
244,ITW,76951601000,10.04,9.74,6503000000,9.74,-0.192,0.003,26.26,1.159,2023-12-31,15803000000.0,4040000000,418000000.0,2957000000,15518000000,13239000000,3012000000,5.42,0.0219,2.883,1825000000
245,ILMN,22760829000,36.36,-7.35,3145000000,-7.35,-0.965,0.036,-,1.219,2022-12-31,4526000000.0,-123000000,3277000000.0,762000000,12252000000,5653000000,6599000000,0.0,0.0,3.786,1248000000
246,INCY,12922124000,22.0,1.88,1593729000,1.88,0.52,0.116,30.67,0.669,2022-12-31,3394635000.0,579440000,2612676000.0,340660000,5840984000,1470865000,4370119000,0.0,0.0,0.332,3179000
247,IR,34772062000,23.6,1.84,2325600000,1.84,0.452,0.147,46.68,1.431,2022-12-31,5916300000.0,817300000,1575300000.0,604700000,14765900000,5508700000,9195800000,0.06,0.0009,1.036,36500000
248,PODD,13730895000,8.7,1.71,805600000,1.71,-0.15,0.27,112.6,1.04,2022-12-31,1305300000.0,37600000,779400000.0,4600000,2251100000,1774700000,476400000,0.0,0.0,0.568,27500000
249,INTC,183114678000,24.97,0.4,26866000000,0.4,-0.717,0.097,108.28,1.018,2023-12-31,53879000000.0,93000000,21618000000.0,1689000000,191572000000,85982000000,105590000000,0.74,0.0115,0.508,2288000000
250,ICE,77583745000,44.88,4.19,7292000000,4.19,-0.147,0.245,32.34,1.019,2023-12-31,9079000000.0,3694000000,4294000000.0,2368000000,136084000000,110298000000,25717000000,1.68,0.0133,1.234,3908000000
251,IFF,20552495000,66.51,0.06,4151000000,0.06,-0.743,-0.079,1332.33,1.242,2022-12-31,12118000000.0,-1326000000,6664000000.0,-1871000000,35504000000,17849000000,17655000000,3.24,0.0405,16.19,410000000
252,IP,12200559000,24.12,0.86,6018000000,0.86,-0.821,-0.104,41,0.969,2022-12-31,42080000000.0,24095000000,1487000000.0,1504000000,23940000000,14506000000,8497000000,1.85,0.0525,0.39,763000000
253,IPG,12179524000,9.61,2.85,2125900000,2.85,0.611,0.014,10.8,1.146,2022-12-31,10927800000.0,1381200000,9546600000.0,938000000,18845000000,15100700000,3647900000,1.24,0.0429,3.182,44900000
254,INTU,184242668000,60.66,9.14,11388000000,9.14,-0.185,0.41,72.01,1.232,2023-07-31,14368000000.0,3141000000,8084000000.0,2384000000,27780000000,10511000000,17269000000,3.24,0.0055,2.293,6430000000
255,ISRG,136780005000,37.77,5.01,4196000000,5.01,0.857,0.165,77.49,1.372,2023-12-31,7616100000.0,1766800000,2962700000.0,1798000000,15441500000,2044200000,13307600000,0.0,0.0,5.7,89800000.0
256,IVZ,7152408000,32.48,-0.73,1897800000,-0.73,-0.253,-0.021,-,1.454,2022-12-31,5965300000.0,1317700000,4731200000.0,683900000,29756800000,12914600000,15213600000,0.8,0.0503,8.14,1923200000.0
257,INVH,20237451000,16.73,0.81,1354228000,0.81,0.623,0.079,40.83,0.943,2022-12-31,2238121000.0,1153038000,105398000.0,383329000,18536708000,8213077000,10291342000,1.04,0.0339,5.7,8560945152.0
258,IQV,39821500000,31.81,5.96,5028000000,5.96,0.094,0.049,36.61,1.485,2022-12-31,14004000000.0,1799000000,3059000000.0,1091000000,25337000000,19572000000,5765000000,0.0,0.0,1.891,157000000
259,IRM,20039274000,0.899,0.94,2914454000,0.94,-0.53,0.079,73.01,0.92,2022-12-31,4712394000.0,1049871000,1337396000.0,556981000,16140514000,15503846000,636668000,2.506,0.0379,1.08,87546000
260,JBHT,22252167000,39.76,6.96,2577787000,6.96,-0.235,-0.095,30.97,1.119,2022-12-31,14788173000.0,1332000000,834939000.0,969351000,7787000000,4119814000,3666768000,1.68,0.008,6.66,1928867968.0
261,JBL,17827105000,19.7,5.88,2867000000,5.88,-0.087,-0.13,23.77,1.4,2023-08-31,34496000000.0,1537000000,1419000000.0,818000000,19424000000,16557000000,2866000000,0.32,0.0023,0.91,74000000
262,JKHY,12819614000,23.67,5.1,858640000,5.1,0.145,0.08,34.5,0.657,2023-06-30,2071588000.0,480688000,373437000.0,366646000,2773826000,1165316000,1608510000,2.08,0.0118,3.554,318796992.0
263,J,18284734000,53.17,5.62,3499811000,5.62,0.283,0.095,25.89,0.728,2023-09-30,16377419000.0,1075237000,2691205000.0,665777000,14617109000,128900000,6546220000,1.04,0.008,1.419,51773000
264,JNJ,377365234000,29.59,5.2,63954000000,5.2,0.262,-0.097,30.15,0.535,2021-12-31,94943000000.0,23917000000,40151000000.0,17941000000,187378000000,110574000000,76804000000,4.7,0.0304,5.77,12800000000
265,JCI,37823087000,24.5,2.69,8971000000,2.69,2.232,0.004,20.63,1.233,2023-09-30,26703000000.0,833000000,8138000000.0,1849000000,42242000000,25697000000,16545000000,1.47,0.0267,1.07,1030000000
266,JPM,503451222000,104.45,16.22,122306000000,16.22,-0.15,0.11,10.79,1.122,2022-12-31,128695000000.0,17761000000,28405000000.0,37676000000,3665743000000,3373411000000,292332000000,4.1,0.024,3.011,44027000000
267,JNPR,11920216000,14.03,0.95,2958300000,0.95,-0.307,-0.058,38.98,0.992,2023-12-31,5484500000.0,470100000,2731800000.0,310200000,9518500000,5025800000,4492700000,0.88,0.0238,1.185,1819699968.0
268,K,18818050000,9.31,2.25,4625000000,2.25,-0.133,-0.172,23.77,0.41,2022-12-31,15315000000.0,1635000000,3122000000.0,960000000,18496000000,14555000000,3941000000,2.34,0.0419,4.537,1560000000
269,KVUE,37016953000,5.69,0.9,8340000000,0.9,-0.328,-0.027,21.48,0.64,2023-12-31,14950000000.0,2675000000,5617000000.0,2087000000,27316000000,7295000000,20021000000,0.4,0.0414,9.319999999999999,8350000128.0
270,KDP,43558289000,18.14,1.37,7332000000,1.37,1.911,0.051,22.74,0.67,2022-12-31,13190000000.0,2605000000,5209000000.0,1436000000,51837000000,26712000000,25126000000,0.815,0.0273,1.09,895000000
271,KEY,13008873000,12.96,0.88,6743000000,0.88,-0.921,-0.121,15.78,1.296,2022-12-31,7272000000.0,897000000,1456000000.0,1917000000,189813000000,176359000000,13454000000,0.82,0.059,9.02,9463000000
272,KEYS,28212537000,26.7,5.91,3532000000,5.91,-0.231,-0.091,27.33,1.075,2023-10-31,5464000000.0,1358000000,2291000000.0,1057000000,8683000000,4029000000,4654000000,0.0,0.0,3.445,599000000
273,KMB,40516985000,2.715,5.21,6219000000,5.21,0.007,0.001,23.0,0.42,2023-12-31,20400000000.0,2344000000,2001000000.0,1764000000,17344000000,16429000000,915000000,4.72,0.0407,2.071,567000000
274,KIM,13500226000,15.37,1.02,1196777000,1.02,1.25,0.027,19.69,1.46,2022-12-31,1727684000.0,565464000,1177399000.0,125976000,17826122000,8086280000,9515508000,0.93,0.0478,3.896,7726780928.0
275,KMI,36964725000,13.64,1.06,7290000000,1.06,-0.097,-0.118,15.67,0.888,2022-12-31,19200000000.0,4065000000,3292000000.0,2548000000,70078000000,37964000000,30742000000,1.13,0.068,1.566,3385000000
276,KLAC,87875052000,22.5,19.75,5619442000,19.75,-0.379,-0.167,32.9,1.328,2023-06-30,10214298000.0,3408319000,2557985000.0,3387277000,14072357000,11152604000,2919753000,5.35,0.0089,2.814,0
277,KHC,44769341000,40.16,2.42,8235000000,2.42,-0.4,0.01,14.86,0.65,2022-12-31,25743000000.0,3634000000,5893000000.0,2363000000,90513000000,41643000000,48678000000,1.6,0.0445,0.744,837000000
278,KR,32690614000,12.34,2.57,32808000000,2.57,-0.882,-0.006,17.67,0.451,2023-01-28,147723000000.0,4126000000,1394000000.0,2244000000,49623000000,39609000000,10042000000,1.1,0.0255,1.72,1310000000
279,LHX,39773073000,99.31,6.44,4927000000,6.44,-0.617,0.166,32.58,0.662,2022-12-31,16777000000.0,1826000000,4160000000.0,1062000000,35362000000,16831000000,18428000000,4.56,0.0217,3.622,943000000
280,LH,18915719000,92.73,9.7,4385100000,9.7,-0.459,0.066,22.95,1.023,2022-12-31,14876800000.0,1773900000,2669400000.0,1279100000,20155100000,10039600000,10096600000,2.88,0.0129,3.122,301300000
281,LRCX,119510876000,62.63,25.9,7871807000,25.9,-0.33,-0.288,35.2,1.504,2023-06-30,17234976000.0,5174860000,2602065000.0,4510931000,18781643000,10571471000,8210172000,7.45,0.0088,3.203,8358000
282,LW,14564289000,11.55,7.71,832000000,7.71,1.085,0.357,13.08,0.721,2023-05-28,5371000000.0,882100000,575200000.0,1008900000,6519800000,5346700000,1411300000,1.12,0.0143,3.267,215900000
283,LVS,40409158000,5.47,1.6,2585000000,1.6,-0.943,1.61,33.51,1.164,2023-12-31,10372000000.0,2313000000,2539000000.0,1221000000,21778000000,17674000000,4118000000,0.6,0.0112,1.34,1900000000
284,LDOS,15611056000,30.15,1.06,2084000000,1.06,0.21,0.087,107.1,0.688,2022-12-31,14396000000.0,1088000000,1332000000.0,685000000,13071000000,8718000000,4299000000,1.44,0.0134,2.34,992000000
285,LEN,42674065000,94.61,13.73,8199698000,13.73,0.058,0.078,11.14,1.522,2023-11-30,34233366000.0,33546326000,336505000.0,3938511000,39234303000,12532337000,26580664000,1.5,0.0131,1.293,5138298880.0
286,LIN,203372560000,82.03,12.59,13914000000,12.59,0.183,0.051,33.31,0.93,2022-12-31,33283000000.0,5369000000,8655000000.0,4147000000,79658000000,38271000000,40028000000,5.1,0.0123,2.676,5716000000
287,LYV,20620997000,0.971,1.5,4343730000,1.5,0.281,0.325,59.69,1.298,2022-12-31,16681254000.0,732118000,3709502000.0,295986000,16460841000,16828410000,-367569000,0.0,0.0,0.842,620032000
288,LKQ,12828647000,22.24,3.57,5223000000,3.57,-0.189,0.149,13.43,1.274,2022-12-31,12794000000.0,1581000000,3636000000.0,1149000000,12038000000,6585000000,5453000000,1.1,0.025,8.44,17000000
289,LMT,103181869000,28.24,27.55,8387000000,27.55,0.024,-0.006,15.48,0.488,2023-12-31,67571000000.0,8507000000,3203000000.0,6920000000,52456000000,45621000000,6835000000,12.15,0.0295,4.216,168000000
290,L,16165122000,70.69,6.29,4697000000,6.29,0.334,0.123,11.57,0.825,2023-12-31,15901000000.0,-4420000000,3967000000.0,1434000000,79197000000,62672000000,15704000000,0.25,0.0034,2.69,1084000000
291,LOW,127824617000,-26.34,13.05,32257000000,13.05,11.44,-0.128,17.03,1.109,2023-02-03,97059000000.0,10159000000,22098000000.0,6437000000,43708000000,57962000000,-14254000000,4.3,0.0198,3.049,1084000000
292,LULU,59651355000,27.93,7.86,4492340000,7.86,-0.02,0.187,59.83,1.333,2023-01-29,8149167000.0,1328408000,3163980000.0,854800000,5607038000,2458239000,3148799000,0.0,0.0,1.396,0
293,LYB,30944133000,39.91,6.99,6604000000,6.99,-0.477,-0.027,13.65,1.191,2022-12-31,50451000000.0,5101000000,1506000000.0,3889000000,36365000000,23750000000,12615000000,4.94,0.0524,1.51,781000000
294,MTB,22152645000,150.14,15.79,7661559000,15.79,-0.362,-0.142,8.44,0.794,2022-12-31,8178559000.0,1011143000,1884186000.0,1991663000,200729841000,175411851000,25317990000,5.2,0.039,1.355,3554951000
295,MRO,13285124000,19.03,2.75,6152000000,2.75,-0.385,-0.12,8.16,2.226,2022-12-31,8036000000.0,3951000000,462000000.0,3612000000,19940000000,8543000000,11397000000,0.41,0.0196,1.096,408000000
296,MPC,62548959000,67.0,23.63,26565000000,23.63,-0.459,-0.085,7.19,1.501,2022-12-31,176526000000.0,21469000000,1626000000.0,14516000000,89904000000,54817000000,27715000000,3.15,0.0194,15.65,1066000000
297,MKTX,8507554000,34.27,6.85,665336000,6.85,0.165,0.109,32.6,1.018,2022-12-31,726383000.0,326876000,391424000.0,250224000,1607775000,526682000,1081093000,2.88,0.0133,2.975,79677000.0
298,MAR,73311338000,-2.239,9.43,4282000000,9.43,0.294,0.112,26.2,1.643,2022-12-31,20773000000.0,3462000000,1553000000.0,2358000000,24815000000,24247000000,568000000,1.84,0.0084,1.725,684000000
299,MMC,97371726000,25.14,7.52,8884000000,7.52,0.639,0.106,26.32,0.895,2022-12-31,20275000000.0,4280000000,16440000000.0,3050000000,44114000000,24472000000,10520000000,2.72,0.0143,2.175,268000000
300,MLM,32581048000,126.24,17.71,1425900000,17.71,0.419,0.101,29.77,0.938,2022-12-31,5991700000.0,1206700000,530400000.0,866800000,14993600000,7820800000,7170500000,2.72,0.0056,2.67,716900000
301,MAS,16113176000,-0.571,4.02,2745000000,4.02,0.715,-0.021,18.06,1.252,2023-12-31,7861000000.0,1348000000,1482000000.0,908000000,5363000000,5247000000,-126000000,1.145,0.016,2.531,3000000
302,MA,428169560000,7.42,11.81,22237000000,11.81,0.134,0.126,38.77,1.082,2022-12-31,22237000000.0,12264000000,9973000000.0,9917000000,38724000000,32347000000,6298000000,2.37,0.0058,1.524,274000000
303,MTCH,9767879000,-0.073,2.26,2231180000,2.26,1.738,0.102,15.67,1.524,2022-12-31,3188843000.0,515005000,1693381000.0,361946000,4182764000,4542639000,-359875000,2.0,18.25,0.632,3957105920.0
304,MKC,17652943000,18.88,2.52,2274500000,2.52,0.176,0.034,25.65,0.735,2023-11-30,6662200000.0,963000000,1617300000.0,680600000,12862300000,7778800000,5060700000,1.56,0.026,2.26,1079800000
305,MCD,210814910000,-6.47,11.55,13207200000,11.55,0.083,0.081,25.06,0.728,2022-12-31,23182600000.0,9371000000,5095500000.0,6177400000,50435600000,56439000000,-6003400000,6.23,0.0231,2.426,0
306,MCK,65707934000,-15.62,22.11,12358000000,22.11,-0.423,0.148,22.68,0.437,2023-03-31,276496000000.0,4381000000,7977000000.0,3560000000,62320000000,64177000000,-1857000000,2.32,0.0049,4.815,968000000
307,MDT,114589458000,38.69,3.08,21715000000,3.08,1.125,0.053,27.59,0.792,2023-04-28,31528000000.0,5485000000,15418000000.0,3758000000,90948000000,39283000000,51483000000,2.74,0.0325,1.596,20000000
308,MRK,320832078000,16.27,0.14,42077000000,0.14,0.453,0.058,896.07,0.386,2022-12-31,59283000000.0,147000000,27776000000.0,14519000000,109160000000,63169000000,45991000000,2.92,0.0246,0.88,1946000000
309,META,1193404269000,59.81,14.85,92855000000,14.85,2.002,0.247,31.52,1.154,2023-12-31,134090000000.0,46751000000,65134000000.0,39098000000,229623000000,76455000000,153168000000,0.5,707.9199829101562,1.069,90000000
310,MET,49329000000,41.07,1.81,14893000000,1.81,-0.536,0.166,37.29,1.04,2022-12-31,69898000000.0,-72259000000,12034000000.0,2539000000,663072000000,632947000000,29881000000,2.06,0.0308,0.286,175000000
311,MTD,26562013000,-6.94,35.94,2308042000,35.94,-0.282,-0.116,32.68,1.154,2023-12-31,3788309000.0,1046948000,1194338000.0,788778000,3355555000,3505493000,-149938000,0.0,0.0,3.819,192219000
312,MGM,15965591000,11.63,2.98,6474502000,2.98,-0.869,0.163,15.68,2.198,2022-12-31,14822708000.0,1439372000,7731405000.0,1473093000,45692206000,40860677000,4831529000,0.003,14893.333435058594,4.2,1358893000
313,MCHP,46170751000,13.1,4.28,4449600000,4.28,-0.26,-0.186,19.96,1.671,2023-03-31,8438700000.0,3116000000,2581900000.0,2237700000,16143000000,9062800000,7080200000,1.59,0.0197,8.44,1662100000
314,MU,94450541000,38.84,-6.28,-1416000000,-6.28,-0.432,0.157,-,1.245,2023-08-31,15206000000.0,-5745000000,4410000000.0,-5833000000,64254000000,20134000000,44120000000,0.46,0.0054,1.115,278000000
315,MSFT,3124871299000,32.06,11.06,135620000000,11.06,0.332,0.176,38.02,0.899,2023-06-30,209747000000.0,88523000000,61381000000.0,72361000000,411976000000,205753000000,206223000000,2.86,0.0071,2.503,5247000000
316,MAA,14917496000,52.22,4.71,1230709000,4.71,-0.179,0.027,26.44,0.799,2023-12-31,2148468000.0,780202000,718087000.0,552806000,11484503000,5185381000,6094071000,5.6,0.0472,10.19,4567568896.0
317,MRNA,35706986000,35.31,-9.23,10552000000,-9.23,-0.978,-0.456,-,1.683,2022-12-31,19263000000.0,9420000000,4707000000.0,8362000000,25858000000,6735000000,19123000000,0.0,0.0,0,161000000
318,MHK,7005679000,119.8,-6.9,3014243000,-6.9,3.177,-0.014,-,1.315,2022-12-31,11671344000.0,244217000,2815815000.0,25247000,14120432000,6102518000,8011509000,0.0,0.0,0.932,852336000
319,MOH,22659461000,72.67,18.7,3926000000,18.7,2.859,0.063,20.78,0.454,2022-12-31,31974000000.0,1173000000,2718000000.0,792000000,12314000000,9350000000,2964000000,0.0,0.0,-0.62,22000000
320,TAP,12999983000,61.38,1.17,3655200000,1.17,1.0,0.124,51.48,0.841,2022-12-31,23257900000.0,157500000,4187200000.0,-175300000,25868300000,12953100000,12689700000,1.61,0.0272,3.012,397100000
321,MDLZ,100669481000,21.01,3.62,11356000000,3.62,0.669,0.071,20.21,0.593,2023-12-31,36016000000.0,5502000000,9814000000.0,4959000000,71391000000,43025000000,28332000000,1.62,0.0232,1.452,2521000000
322,MPWR,36131946000,42.68,8.73,1048552000,8.73,-0.191,-0.013,86.18,1.223,2022-12-31,1794148000.0,526785000,521767000.0,437672000,2058885000,390283000,1668602000,4.0,0.0066,3.0,5780000
323,MNST,58774733000,7.57,1.47,3174567000,1.47,0.433,0.143,37.86,0.719,2022-12-31,6273311000.0,1584721000,1589846000.0,1191624000,8293105000,1268064000,7025041000,0.005208,11061.828074184248,1.611,757000
324,MCO,74148954000,17.44,8.22,3855000000,8.22,0.279,0.155,49.29,1.299,2022-12-31,5319000000.0,1883000000,2026000000.0,1374000000,14349000000,11660000000,2519000000,3.01,0.0076,1.872,7598000128.0
325,MS,140972114000,55.08,5.18,46437000000,5.18,-0.332,0.018,16.58,1.429,2022-12-31,65936000000.0,343000000,18971000000.0,11029000000,1180231000000,1079000000000,100141000000,3.325,0.0396,3.038,62534000000
326,MOS,9834464000,36.7,3.95,5777100000,3.95,-0.611,-0.337,7.57,1.505,2022-12-31,19125200000.0,4785300000,731700000.0,3582800000,23386000000,11331400000,12054600000,0.8,0.0281,0.197,1210200000
327,MSI,54917153000,4.359,9.93,4394000000,9.93,0.012,0.052,33.32,0.928,2022-12-31,8868000000.0,1661000000,2890000000.0,1363000000,12814000000,12698000000,116000000,3.62,0.0118,2.244,1000000
328,MSCI,46855209000,-13.26,14.4,1844257000,14.4,0.899,0.198,41.14,1.102,2023-12-31,2347368000.0,1384609000,679394000.0,1148592000,5518219000,6257983000,-739764000,5.52,0.0108,2.468,10900000
329,NDAQ,33031246000,19.77,2.08,3582000000,2.08,-0.265,0.042,27.52,0.947,2022-12-31,6226000000.0,1564000000,2018000000.0,1125000000,20868000000,14704000000,6151000000,0.86,0.0154,3.034,664000000
330,NTAP,18511886000,3.738,3.24,4209000000,3.24,-0.677,-0.061,27.73,1.262,2023-04-28,6295000000.0,1018000000,3191000000.0,1274000000,9818000000,8659000000,1159000000,2.0,0.0223,1.062,2662000128.0
331,NFLX,242916852000,47.57,12.01,12447265000,12.01,16.25,0.125,46.74,1.219,2023-12-31,33723297000.0,6954003000,8785926000.0,5407990000,48731992000,28143679000,20588313000,0.0,0.0,1.489,400000000
332,NEM,38423978000,24.02,-1.06,4526000000,-1.06,-0.259,-0.054,-,0.526,2022-12-31,11807000000.0,1057000000,2288000000.0,-429000000,38482000000,18949000000,19354000000,1.6,0.0488,0.787,9436000256.0
333,NWSA,14928393000,14.3,0.4,4803000000,0.4,1.321,0.026,65.1,1.338,2023-06-30,9879000000.0,-2779000000,8459000000.0,149000000,16921000000,8857000000,8064000000,0.2,0.0077,1.41,54000000
334,NWS,14928386000,14.3,0.4,4803000000,0.4,1.321,0.026,68.03,1.338,2023-06-30,9879000000.0,-2779000000,8459000000.0,149000000,16921000000,8857000000,8064000000,0.2,0.0074,1.473,54000000
335,NEE,116085752000,22.93,3.6,10139000000,3.6,-0.24,0.116,15.72,0.521,2022-12-31,23278000000.0,4081000000,17397000000.0,4147000000,158935000000,109499000000,39229000000,1.87,0.0331,2.344,9710000000
336,NKE,157224436000,9.32,3.43,21479000000,3.43,0.212,0.005,30.47,1.109,2023-05-31,51430000000.0,5915000000,16377000000.0,5070000000,37531000000,23527000000,14004000000,1.39,0.0142,1.715,6000000
337,NI,10438729000,14.66,1.5,2261100000,1.5,0.456,-0.057,16.83,0.481,2022-12-31,5341000000.0,1265800000,4766800000.0,804100000,26736600000,19161200000,7575400000,1.0,0.042,3.14,1791900000
338,NDSN,15057360000,45.57,8.46,1426536000,8.46,-0.091,0.052,31.16,1.007,2023-10-31,2568035000.0,672761000,891399000.0,487493000,5251770000,2653710000,2598060000,2.63,0.0103,2.171,125599000
339,NSC,57561510000,56.63,8.03,6156000000,8.03,-0.321,-0.051,31.73,1.304,2023-12-31,11434000000.0,2851000000,849000000.0,1827000000,41652000000,28871000000,12781000000,5.4,0.0212,5.65,4000000
340,NTRS,16336234000,53.69,5.08,6749200000,5.08,-0.273,0.013,15.68,1.141,2022-12-31,6761200000.0,323000000,1455300000.0,1336000000,155036700000,143777200000,11259500000,3.0,0.0377,1.531,567200000
341,NOC,68254380000,98.56,13.51,7474000000,13.51,0.049,0.06,33.67,0.345,2023-12-31,39290000000.0,2537000000,36753000000.0,2056000000,46544000000,31749000000,14795000000,7.34,0.0164,0.905,70000000
342,NCLH,7444943000,1.031,-0.53,576674000,-0.53,-0.009,0.57,-,2.602,2022-12-31,3910761000.0,-1551757000,2128431000.0,-2269909000,18557694000,18489103000,68591000,0.0,0.0,0.925,991128000
343,NRG,11823261000,12.51,-7.7,4097000000,-7.7,3.946,-0.066,-,1.099,2022-12-31,31543000000.0,2018000000,1892000000.0,1221000000,29146000000,25318000000,3828000000,1.51,0.0311,1.704,63000000
344,NUE,45858808000,84.83,18.0,12526946000,18.0,-0.354,-0.117,10.36,1.624,2022-12-31,41293556000.0,7820213000,2232078000.0,7607337000,32479210000,12909304000,18414694000,2.07,0.0116,0.75,77663000
345,NVDA,1781685289000,13.49,7.57,15356000000,7.57,12.74,2.055,95.29,1.684,2023-01-29,26974000000.0,4224000000,11132000000.0,4368000000,41182000000,19081000000,22101000000,0.16,0.0002,0.708,1250000000
346,NVR,23919071000,1366.16,463.26,2823687000,463.26,-0.089,-0.095,16.08,1.122,2022-12-31,10526434000.0,10451168000,36383000.0,1725575000,5660973000,2154124000,3506849000,0.167,41918.86344498503,4.886,1029264000.0
347,NXPI,60200550000,33.6,10.7,7514000000,10.7,-0.027,0.033,21.83,1.578,2022-12-31,13205000000.0,3797000000,3723000000.0,2787000000,23236000000,15496000000,7449000000,4.056,0.0174,2.116,0
348,ORLY,60598055000,-29.44,38.47,7381706000,38.47,0.108,0.051,26.67,0.864,2022-12-31,14256623000.0,2954491000,4446333000.0,2172650000,12627979000,13688731000,-1060752000,0.0,0.0,1.488,7841005056.0
349,OXY,50943594000,23.95,4.59,24571000000,4.59,-0.524,-0.238,12.52,1.654,2022-12-31,36634000000.0,29052000000,2898000000.0,13304000000,72609000000,42524000000,30085000000,0.67,0.0153,1.218,165000000
350,ODFL,47500595000,39.05,11.28,2491592000,11.28,0.008,0.003,38.59,1.021,2022-12-31,6263502000.0,1840632000,914430000.0,1377159000,4838610000,1185693000,3652917000,1.6,0.0048,4.015,20000000
351,OMC,17152144000,18.26,6.91,2758800000,6.91,0.019,0.05,12.24,0.982,2023-12-31,14692200000.0,2104700000,717500000.0,1391400000,28044600000,24428300000,3616300000,2.8,0.0331,1.749,761400000
352,ON,34528182000,18.25,4.89,4077200000,4.89,-0.052,-0.041,16.52,1.808,2023-12-31,8253000000.0,2538700000,1344800000.0,2183700000,13215200000,5414600000,7782600000,0.0,0.0,1.567,794800000
353,OKE,40219320000,27.98,5.44,4477026000,5.44,0.031,-0.292,12.69,1.599,2022-12-31,22386892000.0,2807419000,1212904000.0,1722221000,24379000000,17885000000,6494000000,3.82,0.0574,1.441,925000000
354,ORCL,320743670000,1.407,3.62,36390000000,3.62,0.413,0.054,32.22,1.008,2023-05-31,49954000000.0,13093000000,23297000000.0,8503000000,134384000000,133311000000,1073000000,1.6,0.0137,1.214,4061000000
355,OTIS,36928844000,-12.11,3.39,3942000000,3.39,0.112,0.053,26.87,0.898,2023-12-31,14059000000.0,2186000000,2162000000.0,1406000000,10117000000,14837000000,-4924000000,1.31,0.0149,2.046,32000000
356,PCAR,55475036000,30.34,8.76,4612200000,8.76,0.538,0.117,12.1,0.897,2022-12-31,28819700000.0,27149200000,832500000.0,3011600000,33275500000,20108400000,13167100000,1.04,0.0102,1.181,14439499776.0
357,PKG,15086459000,43.7,8.48,2097600000,8.48,-0.094,-0.02,19.85,0.775,2022-12-31,8363100000.0,1420700000,685100000.0,1029800000,8003800000,4336700000,3667100000,0.0,0.0297,3.953,1900000
358,PANW,118836568000,6.92,1.76,3782800000,1.76,8.33,0.201,214.15,1.258,2023-07-31,6857600000.0,387300000,4595700000.0,439700000,14501100000,12752700000,1748400000,0.0,0.0,2.478,1991500000
359,PARA,8706636000,33.53,-2.33,10309000000,-2.33,0.306,0.031,-,1.857,2022-12-31,29122000000.0,2342000000,7874000000.0,1104000000,58393000000,35357000000,23036000000,0.58,0.0154,2.298,239000000
360,PH,66950926000,88.02,20.23,6568302000,20.23,0.72,0.031,25.77,1.504,2023-06-30,18807826000.0,3404177000,3750290000.0,2082936000,29964472000,19626193000,10326888000,5.77,0.0114,2.316,1974371000
361,PAYX,44268900000,9.79,4.5,3255400000,4.5,0.091,0.057,27.34,0.956,2023-05-31,5007100000.0,2033100000,1586900000.0,1557300000,10546400000,7053200000,3493200000,3.46,0.0289,3.007,10200000
362,PAYC,11065353000,24.13,5.87,1205412000,5.87,0.034,0.173,32.37,1.21,2022-12-31,1374391000.0,378679000,981755000.0,281389000,3902513000,2719906000,1182607000,1.125,0.0079,1.722,75949000.0
363,PYPL,63136207000,19.64,3.84,11653000000,3.84,0.615,0.087,15.34,1.471,2023-12-31,29771000000.0,5028000000,24743000000.0,4246000000,82166000000,61115000000,21051000000,0.0,0.0,0.486,11843999744.0
364,PNR,12311471000,19.46,3.75,1394700000,3.75,1.163,-0.018,19.86,1.189,2022-12-31,4061100000.0,595300000,904800000.0,480900000,6447500000,3739400000,2708100000,0.88,0.0124,1.768,2093600000.0
365,PEP,239033696000,13.68,6.56,46050000000,6.56,0.149,0.067,25.56,0.546,2023-12-31,91471000000.0,11986000000,40622000000.0,9074000000,100495000000,81858000000,18503000000,4.83,0.0302,2.499,6510000000
366,PFE,155671544000,17.17,0.37,66233000000,0.37,-0.764,-0.413,74.49,0.568,2022-12-31,100330000000.0,16368000000,31539000000.0,31372000000,197000000000,101288000000,95661000000,1.64,0.061,1.173,2945000000
367,PCG,41332040000,11.31,0.86,7095000000,0.86,-0.238,0.092,18.9,1.377,2022-12-31,21680000000.0,1837000000,20101000000.0,1814000000,118644000000,95821000000,22823000000,0.0,0.0025,1.099,4323000000
368,PM,138355245000,-7.23,5.02,20534000000,5.02,-0.085,0.11,17.75,0.654,2023-12-31,33808000000.0,11556000000,2978000000.0,7813000000,65304000000,74750000000,-11225000000,5.14,0.0583,2.474,6666000000
369,PSX,63132541000,70.06,15.48,20058000000,15.48,-0.28,-0.05,9.41,1.372,2022-12-31,178483000000.0,14325000000,7173000000.0,11024000000,76442000000,42336000000,29494000000,4.2,0.0288,0.731,529000000
370,PNW,7597666000,56.24,4.19,1707970000,4.19,0.215,0.114,15.99,0.482,2022-12-31,4324385000.0,731911000,339870000.0,483602000,22723405000,16674758000,6048647000,3.46,0.0525,2.142,391405000
371,PXD,54144483000,97.38,20.97,13262000000,20.97,-0.317,-0.151,10.84,1.335,2022-12-31,24294000000.0,23408000000,362000000.0,7845000000,35740000000,14682000000,22541000000,16.47,0.0614,0.784,799000000
372,PNC,58880434000,128.4,12.8,20643000000,12.8,-0.464,-0.042,11.54,1.176,2022-12-31,21120000000.0,5952000000,1998000000.0,6113000000,557263000000,511451000000,45774000000,6.15,0.0416,3.776,78273003520.0
373,POOL,14981604000,36.67,13.88,1933412000,13.88,-0.266,-0.087,27.86,1.007,2022-12-31,6179727000.0,1025783000,918482000.0,748462000,3565437000,2330243000,1235194000,4.2,0.0114,1.81,25042000
374,PPG,32912964000,32.87,5.35,6599000000,5.35,-0.62,0.039,26.09,1.298,2022-12-31,17539000000.0,2042000000,5209000000.0,1026000000,20744000000,14035000000,6592000000,2.54,0.0184,1.206,313000000
375,PPL,19069397000,19.01,1.04,2887000000,1.04,0.312,-0.043,24.88,0.832,2022-12-31,7902000000.0,1374000000,299000000.0,756000000,37837000000,23922000000,13915000000,0.945,0.0371,1.383,1339000000
376,PFG,18643818000,44.53,6.38,11026000000,6.38,-0.023,-0.006,12.26,1.256,2022-12-31,17491600000.0,3756600000,257100000.0,4811600000,290578300000,280298500000,9976700000,2.57,0.0343,1.5,80700000
377,PG,373283717000,20.28,5.97,39246000000,5.97,-0.114,0.032,26.37,0.435,2023-06-30,82006000000.0,18134000000,23728000000.0,14653000000,120829000000,73764000000,47065000000,3.735,0.0239,3.628,10229000000
378,PGR,107086529000,34.64,6.58,1687100000,6.58,1.424,0.254,27.77,0.345,2022-12-31,49610700000.0,35257500000,8147300000.0,721500000,75465000000,59574000000,15891000000,0.4,0.0063,0.293,6888600064.0
379,PLD,125501350000,57.52,3.29,4775470000,3.29,0.071,0.087,40.27,1.012,2022-12-31,5973692000.0,3467538000,2184196000.0,3364856000,87897448000,30034355000,53237282000,3.48,0.0263,13.13,29657061376.0
380,PRU,39208190000,77.45,6.74,9948000000,6.74,0.527,-0.011,15.66,1.365,2022-12-31,60050000000.0,-49153000000,3608000000.0,-1438000000,689029000000,657481000000,30593000000,5.0,0.0493,87.81,775000000
381,PEG,29111503000,30.45,5.61,2604000000,5.61,0.227,0.081,10.41,0.58,2022-12-31,9800000000.0,1381000000,257000000.0,1031000000,48718000000,21022000000,12352000000,2.25,0.039,1.467,3775000000
382,PTC,21889972000,23.5,1.98,1656047000,1.98,-0.127,0.181,92.47,1.191,2023-09-30,1970285000.0,458474000,1197573000.0,245540000,6288842000,3611552000,2677290000,0.0,0.0,1.879,9375000
383,PSA,50234372000,32.81,10.91,3187137000,10.91,-0.792,0.05,26.04,0.536,2022-12-31,4182163000.0,3762279000,209942000.0,4349147000,17552307000,7385506000,10073402000,11.0,0.0422,2.744,9103277056.0
384,PHM,21902770000,48.85,11.72,4838805000,11.72,-0.146,-0.155,8.8,1.567,2023-12-31,16211572000.0,13332495000,1436581000.0,2602372000,16087050000,5703793000,10383257000,0.68,0.0078,0.287,117212000
385,QRVO,10874260000,37.63,-2.08,1296942000,-2.08,-0.456,0.445,-,1.549,2022-03-31,3569399000.0,183168000,1113774000.0,103152000,6691903000,2789109000,3902794000,0.0,0.0,0.472,310000
386,PWR,30525829000,41.22,4.69,2529155000,4.69,0.726,0.26,44.8,1.059,2022-12-31,16964343000.0,872058000,1591728000.0,491189000,13464337000,8065518000,5383464000,0.32,0.0017,1.081,37495000
387,QCOM,168515994000,20.62,7.01,25565000000,7.01,0.245,0.05,21.54,1.421,2023-09-30,35820000000.0,7788000000,11901000000.0,7232000000,51040000000,29459000000,21581000000,3.15,0.0212,1.636,914000000
388,DGX,14123271000,56.82,7.49,3467000000,7.49,0.926,-0.019,16.92,0.909,2022-12-31,9745000000.0,1428000000,2054000000.0,946000000,12837000000,6944000000,5893000000,2.84,0.0237,2.912,96000000
389,RL,10985605000,40.25,8.82,4181200000,8.82,0.309,0.056,19.84,1.496,2022-03-31,6443600000.0,704200000,3461600000.0,522700000,6789500000,4359000000,2430500000,3.0,0.0171,1.379,20300000
390,RJF,24013136000,51.33,8.0,10760000000,8.0,0.009,0.083,14.36,1.043,2023-09-30,12992000000.0,2059000000,1302000000.0,1739000000,78360000000,68173000000,10214000000,1.71,0.0157,1.271,4501000192.0
391,RTX,120794644000,45.14,2.23,13668000000,2.23,0.091,0.101,40.59,0.627,2023-12-31,68920000000.0,3561000000,10607000000.0,3195000000,161869000000,100424000000,59798000000,2.32,0.0261,0.775,1472000000
392,O,44226441000,43.73,1.32,3110903000,1.32,-0.074,0.242,39.97,0.943,2022-12-31,3343700000.0,2760938000,178216000.0,869408000,49673092000,20829803000,28713149000,3.035,0.0583,25.91,701800000
393,REG,11538646000,36.97,2.12,925155000,2.12,-0.15,0.146,28.92,1.191,2022-12-31,1224022000.0,78841000,751709000.0,482865000,10860220000,4682181000,6096985000,0.0,0.0437,6.06,4412890112.0
394,REGN,103872250000,242.47,34.8,7020000000,34.8,-0.029,0.006,27.4,0.107,2023-12-31,13044200000.0,4047100000,7177000000.0,3953600000,33080200000,7107100000,25973100000,0.0,0.0,1.942,2702899968.0
395,RF,16632001000,17.07,2.11,6944000000,2.11,0.0,0.156,8.53,1.226,2022-12-31,7234000000.0,2274000000,621000000.0,2245000000,155220000000,139269000000,15947000000,0.88,0.0533,3.955,0
396,RSG,54948098000,32.79,5.15,5459100000,5.15,0.153,0.063,33.69,0.672,2022-12-31,15645100000.0,2391700000,1753100000.0,1487586000,29052900000,19366900000,9686000000,2.02,0.0123,3.03,599500000
397,RMD,27157041000,30.47,6.04,2386058000,6.04,-0.072,0.125,30.57,0.692,2023-06-30,4175347000.0,1131871000,1223791000.0,897556000,6751708000,2621805000,4129903000,1.84,0.0104,1.896,9902000
398,RVTY,12804710000,63.79,1.44,2040719000,1.44,-0.369,-0.061,72.06,1.105,2021-12-31,3311822000.0,742699000,1247131000.0,569179000,14129855000,6746979000,7382876000,0.28,0.0027,7.35,470929000
399,RHI,8592321000,15.17,3.88,3094049000,3.88,-0.398,-0.147,20.91,1.275,2022-12-31,7246150000.0,890614000,2127734000.0,657919000,2964488000,1395930000,1568558000,1.92,0.0237,1.373,241899008.0
400,ROK,32486832000,31.48,10.49,3717000000,10.49,-0.438,0.036,27.03,1.417,2023-09-30,9203900000.0,884500000,2833000000.0,1387400000,11304000000,7742400000,3561600000,4.79,0.0176,2.259,103300000
401,ROL,21166977000,2.278,0.83,1387424000,0.83,0.182,0.152,52.39,0.642,2022-12-31,2693185000.0,493388000,905310000.0,368599000,2122028000,854831000,1267197000,0.52,0.0138,2.88,15000000
402,ROP,58779873000,163.19,12.76,3752800000,12.76,-0.8,0.128,43.12,1.012,2022-12-31,5371800000.0,1524500000,3370900000.0,4544700000,26980800000,10943000000,16037800000,2.798,0.0055,2.212,699200000
403,ROST,49173504000,13.6,5.05,5677201000,5.05,0.33,0.079,28.89,1.046,2023-01-28,18692987000.0,-771779000,2759268000.0,1512041000,13416463000,9127880000,4288583000,1.315,0.0092,1.991,5779827200.0
404,RCL,31019624000,18.42,6.3,2375604000,6.3,27.25,0.279,18.57,2.546,2022-12-31,7385241000.0,-763976000,2989618000.0,-2155962000,33776361000,30907549000,2868812000,0.78,166.01282755533853,0.617,2087711000
405,SPGI,138324197000,108.88,8.23,7415000000,8.23,0.367,0.073,53.21,1.179,2023-12-31,12109000000.0,4020000000,4325000000.0,2626000000,60589000000,22489000000,34200000000,3.6,0.0083,2.509,47000000
406,CRM,282607583000,59.95,2.62,22992000000,2.62,4.952,0.113,111.18,1.279,2023-01-31,31213000000.0,1030000000,21962000000.0,208000000,98849000000,40490000000,58359000000,0.0,0.0,1.52,1439000000
407,SBAC,23460028000,-47.78,4.54,1937997000,4.54,-0.121,0.01,47.9,0.574,2022-12-31,2633454000.0,925408000,744513000.0,461429000,10585041000,15861356000,-5276315000,3.26,0.0156,1.804,26283000
408,SLB,68196319000,14.14,2.91,5161000000,2.91,0.042,0.141,16.18,1.614,2023-12-31,32632000000.0,6523000000,1452000000.0,4203000000,47957000000,26598000000,20189000000,1.0,0.0234,0.905,12842000384.0
409,STX,18732380000,-8.66,-3.51,3469000000,-3.51,-0.939,-0.176,-,1.059,2023-06-30,7384000000.0,-342000000,1243000000.0,-529000000,7556000000,8755000000,-1199000000,2.8,0.0313,0.949,63000000
410,SRE,43952292000,43.46,4.32,4576000000,4.32,0.481,-0.078,16.13,0.727,2022-12-31,14439000000.0,3599000000,7976000000.0,2139000000,78574000000,51459000000,27115000000,2.355,0.0342,3.488,4371000000
411,NOW,166652707000,37.26,8.45,5672000000,8.45,0.927,0.256,96.21,0.991,2023-12-31,8971000000.0,762000000,6288000000.0,1731000000,17387000000,9759000000,7628000000,0.0,0.0,3.051,2284000000.0
412,SHW,79899894000,14.63,9.26,9325100000,9.26,-0.066,0.004,33.67,1.146,2022-12-31,21735200000.0,3397200000,6442400000.0,2020100000,22594000000,19491900000,3102100000,2.42,0.0078,4.073,978700000
413,SPG,54016311000,9.15,6.98,4290493000,6.98,0.111,0.091,21.05,1.677,2022-12-31,5291447000.0,2583553000,1522348000.0,2139535000,33011274000,29187383000,3138524000,7.45,0.0531,14.63,26518284288.0
414,SWKS,16831742000,38.87,5.64,2604300000,5.64,-0.254,-0.096,18.63,1.395,2023-09-30,4708000000.0,1125000000,982300000.0,982800000,8426700000,2344000000,6082700000,2.6,0.0259,1.319,299400000
415,SJM,13914369000,69.39,0.01,2721200000,0.01,0.061,-0.121,12790,0.237,2023-04-30,8522300000.0,157500000,1680700000.0,-91300000,14991400000,7700600000,7290800000,4.16,0.0332,1.635,1200000
416,SNA,14041054000,96.23,18.76,2447300000,18.76,0.077,0.04,13.99,0.998,2022-12-31,4842500000.0,1207200000,145900000.0,911700000,6972800000,2469300000,4481300000,6.72,0.0284,1.725,19200000
417,SO,73006178000,28.77,2.74,10821000000,2.74,-0.044,-0.167,24.42,0.502,2022-12-31,29279000000.0,5370000000,2073000000.0,3535000000,134891000000,100359000000,30408000000,2.76,0.0418,2.587,6894000000
418,LUV,19385647000,17.63,0.76,5976000000,0.76,-0.299,0.105,42.75,1.134,2023-12-31,25857000000.0,224000000,26219000000.0,465000000,36487000000,25972000000,10515000000,0.72,0.0222,0.495,29000000
419,SWK,13686088000,60.4,-1.88,4411500000,-1.88,-0.995,-0.063,-,1.354,2022-12-31,16947400000.0,-156300000,4448800000.0,1062500000,24963300000,15251200000,9712100000,3.22,0.0364,1.368,2101200000
420,SBUX,110165017000,-7.61,3.74,8385400000,3.74,0.216,0.082,26.02,0.989,2023-09-30,35975600000.0,5870800000,4781600000.0,4124500000,29445500000,37433300000,-7994800000,2.2,0.0234,1.352,1852100000
421,STT,21993599000,72.28,5.58,12128000000,5.58,-0.712,-0.039,13.05,1.545,2022-12-31,12148000000.0,-877000000,4222000000.0,2774000000,301450000000,276259000000,25191000000,2.64,0.0379,5.28,3274000000
422,STLD,20225382000,54.92,14.64,6117831000,14.64,-0.277,-0.123,8.54,1.409,2022-12-31,22260774000.0,5091822000,1095209000.0,3862674000,14159984000,6064179000,8130357000,1.7,0.0136,10.91,57334000
423,STE,22161017000,65.06,5.7,2159692000,5.7,0.145,0.148,39.35,0.795,2023-03-31,4957839000.0,268185000,1891507000.0,107030000,10821839000,4734667000,6077198000,1.98,0.0093,6.88,60000000
424,SYK,129923588000,48.93,8.24,11646000000,8.24,1.028,0.118,41.5,0.905,2022-12-31,18449000000.0,2841000000,8737000000.0,2358000000,36884000000,20268000000,16616000000,0.0,0.0094,3.167,1191000000
425,SYF,15818068000,32.37,5.19,8299000000,5.19,-0.176,-0.02,7.46,1.62,2023-12-31,11323000000.0,-1088000000,1688000000.0,2238000000,117479000000,103576000000,13903000000,0.96,0.0253,0.461,15982000128.0
426,SNPS,87742456000,40.43,7.94,4084781000,7.94,1.288,0.245,72.46,1.068,2023-10-31,5842619000.0,1269259000,3351167000.0,1229888000,10333131000,4148830000,6147308000,0.0,0.0,2.632,669960000.0
427,SYY,39602381000,4.773,4.09,12393748000,4.09,1.948,0.037,19.45,1.168,2023-06-30,76324675000.0,3038549000,10916448000.0,1770124000,22821145000,20812523000,2008622000,1.99,0.0251,1.652,62550000
428,TMUS,192498450000,54.12,6.93,47559000000,6.93,0.41,0.01,23.4,0.494,2023-12-31,77477000000.0,14266000000,24189000000.0,8317000000,207682000000,142967000000,64715000000,1.3,0.008,0.772,4879000000
429,TROW,24384977000,42.45,7.76,3566000000,7.76,0.651,0.077,13.7,1.411,2022-12-31,6488400000.0,2373700000,4114700000.0,1557900000,11643300000,1956400000,8839500000,0.0,0.0466,27.34,397900000.0
430,TTWO,28843469000,49.9,-8.71,2040010000,-8.71,-0.497,-0.029,-,0.759,2023-03-31,5194400000.0,-1165200000,3450500000.0,-1124700000,15862100000,6819600000,9042500000,0.001,160949.9969482422,2.229,1346800000
431,TPR,9860466000,11.6,3.97,4650400000,3.97,0.022,0.029,10.58,1.536,2023-06-30,6660900000.0,1172400000,3550100000.0,936000000,7116800000,4839000000,2277800000,1.3,0.0333,2.065,26200000
432,TRGP,19599516000,11.23,3.81,4047700000,3.81,0.155,-0.273,22.86,2.163,2022-12-31,20929800000.0,1729000000,1212900000.0,1195500000,19560000000,16894300000,2665700000,1.85,0.023,2.313,34300000
433,TGT,68048974000,27.11,7.85,26891000000,7.85,0.364,-0.042,18.67,1.111,2023-01-28,108661000000.0,3848000000,23109000000.0,2780000000,53335000000,42103000000,11232000000,4.34,0.03,1.099,130000000
434,TEL,44482499000,42.45,10.52,5055000000,10.52,3.617,-0.003,13.69,1.407,2023-09-30,15954000000.0,2304000000,2710000000.0,1910000000,21712000000,10057000000,11551000000,2.33,0.0164,1.83,682000000
435,TDY,20479576000,182.24,18.49,2330300000,18.49,0.349,0.005,23.47,1.027,2022-12-31,5458600000.0,972000000,1358300000.0,788600000,14354000000,6181100000,8169200000,0.0,0.0,0.98,300100000
436,TFX,11844040000,91.8,8.54,1550087000,8.54,0.342,0.087,29.51,1.141,2022-12-31,2757203000.0,499725000,1261952000.0,363139000,6928063000,2906095000,4021968000,1.36,0.0054,1.791,87500000
437,TER,15641051000,16.53,2.73,1867151000,2.73,-0.314,-0.084,37.48,1.564,2022-12-31,3155045000.0,831939000,1035212000.0,715501000,3501252000,1049958000,2451294000,0.44,0.0047,1.29,50115000
438,TSLA,616479850000,19.66,4.3,20853000000,4.3,1.115,0.035,45.02,2.427,2023-12-31,96773000000.0,8891000000,8769000000.0,14997000000,106618000000,43009000000,62634000000,0.0,0.0,2.159,1975000000
439,TXN,147668369000,18.59,7.06,13771000000,7.06,-0.302,-0.127,23.0,1.033,2023-12-31,17508000000.0,7331000000,3688000000.0,6510000000,32348000000,15451000000,16897000000,5.02,0.032,3.123,599000000
440,TXT,17168110000,35.36,4.57,2056000000,4.57,-0.061,0.07,19.08,1.293,2022-12-31,12869000000.0,-1821000000,13692000000.0,861000000,16293000000,9180000000,7113000000,0.08,0.0009,1.442,4255000064.0
441,TMO,212848902000,120.73,15.48,18998000000,15.48,0.054,-0.049,35.58,0.8,2022-12-31,44225000000.0,8393000000,12927000000.0,6950000000,97154000000,53176000000,43978000000,1.4,0.0025,2.727,5579000000
442,TJX,112543400000,5.99,3.54,13787000000,3.54,0.132,0.09,27.9,0.867,2023-01-28,50045000000.0,-6152000000,10024000000.0,3498000000,28349000000,21985000000,6364000000,1.293,0.0135,1.951,500000000
443,TSCO,25415438000,19.88,10.08,4972204000,10.08,-0.065,-0.087,23.32,0.832,2022-12-31,14204717000.0,1434943000,3554419000.0,1088712000,8489990000,6447574000,2042416000,4.12,0.0187,2.433,3179000
444,TT,62544712000,30.52,8.9,4964800000,8.9,0.16,0.086,30.95,1.231,2023-12-31,17423000000.0,2894000000,3385800000.0,2023900000,19391900000,12374900000,6995200000,3.0,0.0122,2.579,801900000
445,TDG,62755615000,-35.87,23.52,3842000000,23.52,0.464,0.281,47.61,1.424,2023-09-30,6585000000.0,2923000000,1015000000.0,1298000000,19970000000,21948000000,-1984000000,0.0,0,3.953,425000000
446,TRV,48948900000,87.47,12.78,8515000000,12.78,1.034,0.116,16.78,0.594,2022-12-31,36884000000.0,-24009000000,4835000000.0,2842000000,115717000000,94157000000,21560000000,3.86,0.0186,0.662,100000000
447,TRMB,13062808000,17.46,1.35,2192500000,1.35,-0.118,0.082,38.9,1.469,2022-12-31,3676300000.0,510900000,1594700000.0,449700000,7269000000,3218800000,4050200000,0.0,0.0,1.897,600000000
448,TFC,47801242000,39.31,-1.09,22258000000,-1.09,-0.304,-0.107,-,1.091,2022-12-31,22880000000.0,3128000000,4386000000.0,6260000000,555255000000,494718000000,60537000000,2.08,0.058,2.543,23422000000
449,TYL,18576351000,67.75,3.7,783863000,3.7,-0.127,0.045,119.19,0.826,2022-12-31,1821825000.0,214249000,624948000.0,164240000,4687417000,2063028000,2624389000,0.006667,62714.8635244019,3.523,30000000
450,TSN,19267312000,50.93,-2.47,2660000000,-2.47,-0.659,0.004,-,0.768,2023-09-30,52881000000.0,-395000000,3369000000.0,-648000000,36251000000,18118000000,18133000000,1.93,0.0373,18.51,1895000000
451,USB,62896566000,31.13,3.27,22142000000,3.27,-0.132,0.215,12.29,1.061,2022-12-31,23724000000.0,2460000000,4381000000.0,5825000000,674805000000,623573000000,50766000000,1.93,0.0488,1.559,31216000000
452,UBER,147363037000,5.46,0.87,9805000000,0.87,1.255,0.154,81.51,1.332,2022-12-31,31877000000.0,-1832000000,11723000000.0,-9141000000,32109000000,23605000000,7340000000,0.0,0.0,2.365,142000000
453,UDR,12611952000,11.99,1.34,1009909000,1.34,-0.275,-0.018,26.4,0.796,2022-12-31,1517386000.0,250814000,104681000.0,86924000,11038470000,6100325000,4098085000,1.68,0.0475,-4.53,5984544768.0
454,ULTA,25379697000,41.69,24.63,4044510000,24.63,-0.051,0.064,21.22,1.309,2023-01-28,10208580000.0,1638610000,2413602000.0,1242408000,5370411000,3410600000,1959811000,1.0,489.989990234375,2.046,2099933056.0
455,UNP,152064229000,24.29,10.45,13367000000,10.45,0.016,-0.003,23.87,1.082,2023-12-31,23193000000.0,9082000000,1485000000.0,6379000000,67132000000,52344000000,14788000000,5.2,0.0208,4.184,1423000000
456,UAL,13884876000,28.14,7.89,13186000000,7.89,-0.291,0.099,5.37,1.531,2022-12-31,43302000000.0,2337000000,8764000000.0,737000000,67358000000,60462000000,6896000000,2.15,19.190696893736373,0.551,3015000000
457,UPS,126016881000,20.22,7.8,25086000000,7.8,-0.529,-0.078,18.75,1.053,2022-12-31,99706000000.0,13094000000,12373000000.0,11548000000,71124000000,51338000000,19786000000,6.48,0.0446,3.217,2341000000
458,URI,43698057000,120.86,35.25,5023000000,35.25,0.098,0.131,18.45,1.839,2023-12-31,14332000000.0,3827000000,1927000000.0,2424000000,25589000000,17459000000,8130000000,5.92,0.01,1.512,1465000000
459,UNH,481044398000,100.98,23.84,79617000000,23.84,0.16,0.141,21.74,0.549,2022-12-31,324162000000.0,28435000000,51182000000.0,20120000000,245705000000,159358000000,86347000000,7.29,0.0145,1.454,3110000000
460,UHS,11053061000,88.85,9.52,5162775000,9.52,-0.04,0.068,17.06,1.241,2022-12-31,13272481000.0,1003555000,12395815000.0,675609000,13494188000,7573606000,5920582000,0.8,0.0049,1.87,84493000
461,VLO,48705204000,76.3,24.92,19224000000,24.92,-0.565,-0.124,5.74,1.523,2022-12-31,175864000000.0,15690000000,1106000000.0,11528000000,60982000000,37421000000,23561000000,4.08,0.0299,0.213,1109000000
462,VTR,18320407000,24.41,0.02,1813583000,0.02,-0.588,0.099,2276.5,1.303,2022-12-31,4129193000.0,-961980000,1394249000.0,-47447000,24157840000,13671513000,10152968000,1.8,0.0395,2.285,403000000
463,VLTO,18963253000,17.89,2.93,2760000000,2.93,-0.06,0.03,26.28,1.43,2023-12-31,4990000000.0,1114000000,3876000000.0,719000000,4825000000,1585000000,3235000000,0.0,0.0047,4.56,2628999936.0
464,VRSN,20532330000,-15.61,7.89,1224200000,7.89,0.535,0.03,25.14,0.901,2022-12-31,1424900000.0,943100000,328000000.0,673800000,1733400000,3295600000,-1562200000,2.75,74.8945478959517,2.002,1797500032.0
465,VRSK,36335194000,2.652,5.34,1672400000,5.34,0.075,0.111,46.93,0.803,2022-12-31,2359100000.0,1406500000,974300000.0,953900000,6961100000,5193400000,1749300000,1.33,0.0054,2.642,1392900000
466,VZ,167785628000,21.99,2.75,77702000000,2.75,-0.031,-0.003,14.44,0.403,2023-12-31,133974000000.0,22877000000,59195000000.0,11614000000,380255000000,327344000000,91774000000,2.635,0.067,1.091,12973000000
467,VRTX,109015630000,68.22,13.87,5323100000,13.87,0.181,0.093,30.49,0.362,2022-12-31,8863500000.0,4307400000,3651500000.0,3322000000,18150900000,4238200000,13912700000,0.0,0.0,0.572,40800000
468,VFC,5968331000,5.42,-1.97,6457147000,-1.97,-0.008,-0.162,-,1.542,2022-03-31,6140000000.0,327693000,10680000000.0,118584000,12616474000,10507281000,2109193000,0.99,0.0235,0.133,1452882000
469,VTRS,14012146000,17.39,1.51,7031900000,1.51,-0.069,-0.033,7.74,1.124,2022-12-31,16262700000.0,1614900000,4882100000.0,2078600000,50022200000,28949900000,21072300000,0.48,0.0415,-1.8099999999999998,1250500000
470,VICI,30746231000,23.77,2.41,2615211000,2.41,0.615,0.168,12.33,0.93,2022-12-31,2600697000.0,1430886000,1039240000.0,1117635000,37575826000,15285713000,21933637000,1.585,0.0559,1.7899999999999998,17574201344.0
471,V,566471426000,18.99,8.68,31917000000,8.68,0.203,0.088,31.85,0.974,2023-09-30,31986000000.0,21000000000,3614000000.0,17273000000,90499000000,51766000000,38733000000,1.94,0.0075,1.713,20703000576.0
472,VMC,31889521000,55.99,6.24,1557700000,6.24,0.566,0.047,38.46,0.808,2022-12-31,7315200000.0,951400000,750500000.0,575600000,14234600000,7282400000,6928600000,1.69,0.0072,1.735,122800000
473,WRB,20646742000,26.8,5.05,4811560000,5.05,0.073,0.069,15.94,0.579,2022-12-31,11166499000.0,-12764329000,11081818000.0,1381062000,33815103000,27046942000,6748332000,0.43,0.0053,2.434,3055301888.0
474,WAB,24496470000,57.66,4.2,2583000000,4.2,0.511,0.225,32.54,1.408,2022-12-31,8179000000.0,1011000000,1529000000.0,633000000,18516000000,8369000000,10102000000,0.66,0.005,3.92,251000000
475,WBA,19437939000,22.59,0.66,27072000000,0.66,-0.586,0.1,33.7,0.734,2023-08-31,140471000000.0,-6882000000,44350000000.0,-3080000000,96628000000,68140000000,20020000000,1.92,0.045,2.467,974000000
476,WMT,455984447000,29.5,6.01,147568000000,6.01,0.553,0.052,28.17,0.49,2023-01-31,611289000000.0,20428000000,127736000000.0,11680000000,243197000000,166504000000,76693000000,2.27,0.0135,2.957,5130000000
477,DIS,202764091000,53.55,1.63,29697000000,1.63,0.486,0.002,66.5,1.384,2023-09-30,88898000000.0,12863000000,22157000000.0,2354000000,205579000000,106302000000,99277000000,0.3,0.0083,1.503,4367000000
478,WBD,23507816000,18.36,-1.94,13426000000,-1.94,2.267,0.016,-,1.552,2022-12-31,34837000000.0,-7370000000,21823000000.0,-7371000000,134001000000,85334000000,47095000000,0.0,0.0,2.786,365000000
479,WM,76321915000,17.25,5.65,7404000000,5.65,0.058,0.024,33.43,0.709,2022-12-31,19294000000.0,3365000000,2280000000.0,2238000000,31367000000,24503000000,6849000000,2.75,0.0148,2.721,414000000
480,WAT,19316193000,19.45,10.85,1723774000,10.85,-0.042,-0.045,29.75,0.924,2022-12-31,2892159000.0,873395000,892073000.0,707755000,3281453000,2776965000,504488000,0.0,0.0,3.131,50000000
481,WEC,24461986000,37.17,4.22,3307500000,4.22,-0.137,-0.133,18.38,0.413,2022-12-31,9597400000.0,1924200000,2279800000.0,1409300000,41872100000,31671800000,11407300000,3.12,0.0431,2.41,2528300000
482,WFC,174005092000,46.2,4.83,72247000000,4.83,0.284,0.027,9.95,1.182,2022-12-31,82859000000.0,6164000000,9779000000.0,13182000000,1881020000000,1698807000000,180227000000,1.3,0.0291,0.989,51145000000
483,WELL,48517095000,43.12,0.53,2304610000,0.53,0.041,0.128,165.4,1.069,2022-12-31,5860615000.0,-708044000,1419639000.0,141214000,37893233000,16499237000,20294814000,2.44,0.0278,1.785,16214802432.0
484,WST,30402374000,38.76,7.41,1136200000,7.41,0.346,0.088,55.28,1.048,2022-12-31,2886900000.0,734000000,353400000.0,585900000,3616800000,931900000,2684900000,0.76,0.002,6.69,2200000
485,WDC,18520764000,30.67,-7.15,5874000000,-7.15,-0.959,-0.41,-,1.557,2023-06-30,12013000000.0,-1285000000,3172000000.0,-1706000000,24429000000,12706000000,10847000000,0.5,104.73999786376953,490.33,1213000000
486,WRK,11003335000,39.49,-6.71,3580100000,-6.71,-0.683,-0.062,-,1.066,2023-09-30,20310000000.0,-1511500000,2469200000.0,-1649000000,27443700000,17363000000,10080700000,1.128,0.0285,1.926,533000000
487,WY,24286179000,14.03,1.15,3620000000,1.15,22.21,-0.027,28.94,1.443,2022-12-31,10184000000.0,3080000000,511000000.0,1880000000,17340000000,6591000000,10749000000,0.76,0.024,6.24,983000000
488,WHR,6060453000,42.95,8.72,3073000000,8.72,-0.42,0.034,12.51,1.485,2022-12-31,17719000000.0,-1056000000,4944000000.0,-1519000000,17124000000,14788000000,2336000000,7.0,0.0642,1.649,252000000
489,WMB,41409745000,9.7,2.28,6078000000,2.28,0.095,-0.156,14.93,1.065,2022-12-31,10965000000.0,3018000000,2453000000.0,2049000000,48433000000,36948000000,11485000000,1.768,0.0558,1.705,977000000
490,WTW,27875979000,92.84,9.94,4073000000,9.94,0.105,0.071,27.35,0.729,2022-12-31,8866000000.0,1178000000,2318000000.0,1009000000,31769000000,21676000000,10016000000,0.0,0.0124,1.33,254000000
491,GWW,47599694000,69.52,36.25,5849000000,36.25,0.051,0.051,26.46,1.132,2022-12-31,15137000000.0,2215000000,3863000000.0,1547000000,7588000000,5148000000,2440000000,7.3,0.0078,2.791,35000000
492,WYNN,11981270000,-7.3,6.32,1892903000,6.32,20.53,0.831,16.71,1.938,2022-12-31,3310708000.0,-100676000,2217951000.0,-423856000,13415100000,15055465000,-750838000,0.75,0.0095,0.528,565959000
493,XEL,32099135000,31.38,3.21,5770000000,3.21,0.069,-0.151,18.12,0.408,2022-12-31,15310000000.0,2428000000,1130000000.0,1736000000,61188000000,44513000000,16675000000,2.08,0.0358,2.717,1964000000
494,XYL,30030881000,42.08,2.78,2088000000,2.78,0.34,0.406,44.71,1.091,2022-12-31,5522000000.0,622000000,1726000000.0,355000000,7952000000,4449000000,3494000000,1.32,0.0116,2.24,0
495,YUM,36642345000,-27.96,5.59,3307000000,5.59,0.254,0.008,23.3,1.093,2022-12-31,6842000000.0,2187000000,1392000000.0,1325000000,5846000000,14722000000,-8876000000,2.42,0.0206,2.168,398000000
496,ZBRA,12998601000,58.66,8.96,2624000000,8.96,-0.243,-0.306,28.25,1.776,2022-12-31,5778000000.0,529000000,2095000000.0,463000000,7529000000,4796000000,2733000000,0.0,0.0,6.37,214000000
497,ZBH,25712970000,60.07,4.88,4920400000,4.88,-0.163,0.063,25.16,1.033,2022-12-31,6780400000.0,696300000,4452800000.0,231400000,21066000000,9039000000,12020300000,0.96,0.0078,2.402,544300000
498,ZION,5939453000,32.91,4.35,3030000000,4.35,-0.575,-0.119,9.22,1.149,2022-12-31,614000000.0,-1923000000,558000000.0,907000000,89545000000,84652000000,4893000000,1.64,0.0409,0.714,10417000000
499,ZTS,90592371000,11.05,4.91,5634000000,4.91,0.142,0.074,40.19,0.873,2022-12-31,8080000000.0,565000000,2800000000.0,2114000000,14925000000,10522000000,4405000000,1.45,0.0088,3.881,1352000000
