,Symbol,MarketCapitalization,EBITDA,PERatio,PEGRatio,BookValue,DividendPerShare,DividendYield,EPS,GrossProfitTTM,DilutedEPSTTM,QuarterlyEarningsGrowthYOY,QuarterlyRevenueGrowthYOY,TrailingPE,Beta,fiscalDateEnding,grossProfit,totalRevenue,costOfRevenue,operatingIncome,operatingExpenses,ebit,netIncome,totalAssets,totalLiabilities,currentDebt,totalShareholderEquity,operatingCashflow,capitalExpenditures,profitLoss,dividendPayout
0,MMM,51511656000,-6610999808,None,4.153,8.7,6,0.065,-12.63,15000000000,-12.63,0.744,-0.008,-,1.016,2023-12-31,14204000000,32681000000,18477000000,-9128000000,22972000000,-8744000000,-6995000000,50580000000,45712000000,2947000000,4807000000,6680000000,1615000000,-6979000000,3311000000
1,AOS,11934819000,835700000,21.83,1.984,12.34,1.22,0.0159,3.69,1329600000,3.69,0.268,0.056,21.83,1.242,2022-12-31,1329600000,3744500000,3108000000,362000000,772700000,233100000,235700000,3332300000,1584600000,10000000,1747700000,391400000,70300000,235700000,177200000
2,ABT,195185590000,9933000000,34.3,26.92,21.59,2.08,0.0197,3.26,24579000000,3.26,0.553,0.015,34.3,0.745,2022-12-31,10173000000,43093000000,32920000000,8362000000,16266000000,8864000000,6933000000,74438000000,37752000000,2251000000,36686000000,9581000000,1777000000,15239000000,3309000000
3,ABBV,308598571000,26254332000,64,1.622,6.85,5.99,0.0356,2.72,41527000000,2.72,-0.668,-0.054,64,0.542,2022-12-31,16921000000,58054000000,41133000000,18117000000,30754000000,15698000000,11836000000,138805000000,121551000000,4136000000,17254000000,24943000000,695000000,11845000000,10043000000
4,ACN,233034121000,11303738000,34.48,2.508,42.55,4.82,0.0139,10.78,20731607000,10.78,0.006,0.03,34.48,1.205,2023-08-31,8356684000,64111745000,55755061000,8809889000,13673580000,9054884000,6871557000,51245305000,25552466000,104810000,25692839000,9524268000,528172000,16142862000,2827394000
5,ADBE,283498938000,7268000000,53.2,2.335,36.3,None,None,11.79,15441000000,11.79,0.278,0.116,53.2,1.335,2023-12-01,17055000000,19409000000,2354000000,6650000000,10405000000,6912000000,5428000000,29779000000,13261000000,0,16518000000,7302000000,360000000,5428000000,None
6,AMD,278691447000,3854000000,325.43,0.7,34.59,None,None,0.53,12051000000,0.53,48.69,0.102,325.43,1.629,2023-12-31,10460000000,22875000000,18025000000,401000000,11688000000,614000000,854000000,67885000000,11993000000,751000000,55892000000,1667000000,546000000,854000000,None
7,AES,11022092000,3411000000,None,1.256,2.899,0.664,0.0407,-0.84,2548000000,-0.84,-0.458,-0.053,-,1.092,2022-12-31,2548000000,12617000000,10069000000,-530000000,3019000000,836000000,-546000000,38363000000,35926000000,6000000,2437000000,2715000000,4551000000,-505000000,422000000
8,AFL,45254410000,5307000000,10.06,0.93,38.01,1.68,0.0256,7.78,8080000000,7.78,0.541,-0.058,10.06,0.927,2022-12-31,-3265000000,19502000000,22767000000,4157000000,5745000000,4830000000,4201000000,131738000000,111598000000,None,20140000000,3879000000,None,4201000000,979000000
9,A,39287828000,1677000000,31.82,2.561,20.01,0.9,0.0071,4.19,3465000000,4.19,0.313,-0.087,31.82,1.109,2023-10-31,1300000000,6784000000,5484000000,1350000000,2554000000,1434000000,1240000000,10763000000,4918000000,0,5845000000,1772000000,298000000,1240000000,265000000
10,APD,48886260000,4050800000,21.02,1.269,66.91,7,0.0319,10.46,3767000000,10.46,0.062,-0.056,21.02,0.861,2023-09-30,2496600000,12600000000,10103400000,2494600000,1368400000,3028900000,2300200000,32002500000,16342200000,874500000,14312900000,6253700000,4626400000,2338600000,1496600000
11,ABNB,94597472000,2264900000,17.96,1.565,14.28,None,None,8.22,6900000000,8.22,2.71,0.178,17.96,1.237,2022-12-31,6838000000,8337000000,1499000000,1802000000,4297100000,1802000000,1893000000,16038000000,10478000000,None,5560000000,3430000000,25000000,1893000000,None
12,AKAM,19354763000,1092600000,38.77,1.28,28.64,None,None,3.31,2237817000,3.31,0.334,0.095,38.77,0.763,2022-12-31,2247482000,3631301000,1383819000,676274000,1563041000,661464000,523672000,8303400000,3943213000,None,4360187000,1274676000,458302000,523672000,None
13,ALB,13587130000,2610968000,4.103,1.093,84.34,1.595,0.0138,28.22,3077787000,28.22,-0.662,0.105,4.103,1.606,2022-12-31,3074587000,7320104000,4245517000,2470061000,650865000,2470061000,2689816000,15456522000,7473895000,7123000,7982627000,1907849000,1261646000,2815131000,228637000
14,ARE,20625965000,1734814000,219.25,844.2,107.45,4.96,0.0437,0.53,1806454000,0.53,-0.939,0.13,219.25,1.067,2023-12-31,3284056000,5897177000,2613121000,1530115000,1753941000,1530115000,103639000,36771402000,14148409000,None,18471175000,1630550000,3684046000,280994000,847483000
15,ALGN,22698713000,802219000,51.01,1.846,47.96,None,None,5.81,2636675000,5.81,2.074,0.061,51.01,1.64,2022-12-31,2633775000,3734635000,1100860000,642595000,1991180000,642595000,361573000,5947947000,2346589000,None,3601358000,568732000,291900000,361573000,None
16,ALLE,11580063000,822600000,20.87,1.677,14.04,1.76,0.0146,6.32,1322400000,6.32,0.362,0.005,20.87,1.148,2022-12-31,457600000,3186000000,2728400000,586400000,870400000,590100000,458000000,3991200000,3046700000,12600000,941800000,459500000,64000000,458300000,143900000
17,LNT,12230730000,1565000000,17.56,2.462,26.36,1.785,0.0401,2.73,1709000000,2.73,0.133,-0.051,17.56,0.546,2022-12-31,2830000000,4205000000,1375000000,928000000,1506000000,1033000000,686000000,20163000000,13887000000,1055000000,6276000000,486000000,1576000000,686000000,428000000
18,ALL,42458841000,914666000,None,3.397,60.07,3.56,0.0222,-1.2,6443000000,-1.2,-0.676,0.087,-,0.516,2022-12-31,44260000000,51412000000,7152000000,36317000000,7943000000,-1470000000,-1311000000,97989000000,80626000000,None,17488000000,5121000000,420000000,-1364000000,1031000000
19,GOOGL,1821525017000,100171997000,25.69,1.438,22.74,None,None,5.8,156633000000,5.8,0.56,0.135,25.69,1.058,2023-12-31,172227000000,305559000000,133332000000,84293000000,93702000000,86025000000,73795000000,402392000000,119013000000,1363000000,283379000000,101746000000,32251000000,73795000000,None
20,GOOG,1821642850000,100171997000,25.9,1.45,22.74,None,None,5.8,156633000000,5.8,0.56,0.135,25.9,1.058,2023-12-31,172227000000,305559000000,133332000000,84293000000,93702000000,86025000000,73795000000,402392000000,119013000000,1363000000,283379000000,101746000000,32251000000,73795000000,None
21,MO,70732382000,12322666000,8.78,6.31,-2.003,3.84,0.0977,4.57,14183000000,4.57,-0.227,-0.012,8.78,0.688,2022-12-31,14246000000,24038000000,6331000000,11919000000,235000000,8517000000,5764000000,36954000000,40877000000,1556000000,-3973000000,8256000000,205000000,5764000000,6599000000
22,AMZN,1812081803000,85515002000,60.16,2.54,19.44,None,None,2.9,225152000000,2.9,50.69,0.139,60.16,1.142,2023-12-31,183837000000,571668000000,387831000000,36852000000,84992000000,40707000000,30425000000,527854000000,325979000000,10526000000,201875000000,84946000000,52729000000,30445000000,None
23,AMCR,13239318000,1808000000,20.68,4.07,2.745,0.495,0.0549,0.44,2725000000,0.44,-0.7,-0.107,20.68,0.858,2023-06-30,2725000000,14601000000,13926000000,1508000000,1833000000,1531000000,1048000000,17003000000,12913000000,93000000,4026000000,1261000000,526000000,1058000000,723000000
24,AEE,18064321000,3163000000,15.58,2.626,42.01,2.48,0.0367,4.41,3343000000,4.41,0.075,-0.112,15.58,0.443,2022-12-31,5756000000,7957000000,2201000000,1515000000,6442000000,1515000000,1074000000,37904000000,27396000000,1410000000,10508000000,2263000000,3351000000,1079000000,615000000
25,AAL,9781382000,6267000000,12.3,0.153,-7.95,None,None,1.21,11443000000,1.21,-0.974,-0.01,12.3,1.563,2022-12-31,12064000000,46971000000,34907000000,1607000000,9439000000,2148000000,127000000,64716000000,70515000000,3274000000,-5799000000,2173000000,2546000000,127000000,0
26,AEP,40313655000,6990000000,17.58,2.228,48.15,3.32,0.0464,4.36,8414100000,4.36,0.376,-0.033,17.58,0.494,2022-12-31,18082700000,19639500000,1556800000,3482700000,16156800000,3482700000,2307200000,93403300000,69235000000,6108600000,23893400000,5288000000,6671700000,2305600000,1645200000
27,AXP,153615811000,None,18.94,1.444,38.81,2.4,0.0113,11.22,28776000000,11.22,0.263,0.092,18.94,1.225,2023-12-31,5590000000,67364000000,50002000000,-7972000000,13562000000,17362000000,8374000000,261108000000,233051000000,1293000000,28057000000,18559000000,1563000000,8374000000,1780000000
28,AIG,48525005000,11817000000,12,0.549,56.06,1.36,0.0208,5.76,24968000000,5.76,-0.208,-0.09,12,1.031,2022-12-31,2349000000,56437000000,54088000000,-7471000000,9791000000,14407000000,10276000000,522228000000,478774000000,1500000000,40970000000,4207000000,210000000,11275000000,1011000000
29,AMT,90641121000,6689000000,129.63,2.678,9.72,6.31,0.035,1.5,7447300000,1.5,-0.301,0.055,129.63,0.68,2022-12-31,3864300000,10711100000,6846800000,2352300000,4486400000,2352300000,1765800000,67194500000,54786000000,7109000000,5572400000,3696200000,1902500000,1696700000,2641300000
30,AWK,23792949000,2198000000,25.25,3.048,50.83,2.725,0.0232,4.84,2203000000,4.84,0.016,0.079,25.25,0.649,2022-12-31,3741000000,3782000000,41000000,1273000000,2519000000,1273000000,820000000,27787000000,20094000000,1456000000,7693000000,1108000000,2297000000,820000000,467000000
31,AMP,39773389000,4269000000,18.76,1.4,37.73,5.2,0.0136,21.16,7844000000,21.16,-0.196,0.135,18.76,1.361,2022-12-31,6938000000,14347000000,7409000000,3170000000,3768000000,3456000000,2559000000,158852000000,155049000000,None,3803000000,4407000000,182000000,2559000000,534000000
32,AME,38889632000,2035076000,29.77,2.478,37.83,1,0.0066,5.66,2145269000,5.66,0.113,0.065,29.77,1.216,2022-12-31,1101663000,6070928000,4969265000,1500692000,1162920000,1511878000,1159542000,12431120000,4954608000,226079000,7476512000,1149373000,139005000,1159542000,202169000
33,AMGN,157748904000,17469999000,23.31,2.077,11.65,8.52,0.0309,12.49,19917000000,12.49,-0.526,0.198,23.31,0.617,2022-12-31,36285000000,51272000000,14987000000,9566000000,13518000000,9566000000,6552000000,65121000000,61460000000,1591000000,3661000000,9721000000,936000000,5661000000,4196000000
34,APH,63158731000,3000200000,33.86,5.43,13.94,0.85,0.0084,3.11,4028200000,3.11,0.011,0.027,33.86,1.308,2023-12-31,4084100000,12554700000,8470600000,2559600000,1952700000,2576800000,1928000000,16526400000,8099900000,353800000,8346500000,2528700000,372800000,1945500000,500600000
35,ADI,96704569000,6272047000,29.77,2.933,71.67,3.44,0.0176,6.55,7877218000,6.55,-0.453,-0.164,29.77,1.193,2023-10-28,7877218000,12053798000,7862615000,3823112000,4054106000,3872644000,3314579000,48794478000,13229356000,1046276000,35565122000,4817634000,1261463000,3314579000,1679106000
36,ANSS,30015113000,690911000,61.78,3.977,57.66,None,None,5.54,1884284000,5.54,-0.419,-0.029,61.78,1.169,2022-12-31,1814912000,2065553000,250641000,592658000,1222254000,598041000,523710000,6687945000,1822094000,None,4865851000,631003000,24370000,523710000,None
37,AON,62074417000,4319000000,25.0,1.74,-4.159,2.405,0.0079,12.5,5823000000,12.5,-0.214,0.078,25.0,0.857,2022-12-31,4442000000,12142000000,7700000000,3669000000,1177000000,3505000000,2589000000,32704000000,33133000000,945000000,-529000000,3219000000,196000000,2646000000,463000000
38,APA,9232518000,5273000000,5.96,0.17,3.514,1,0.0335,5.01,7636000000,5.01,0.164,-0.2,5.96,3.312,2022-12-31,1267000000,1874000000,607000000,5620000000,5263000000,5620000000,3536000000,14255000000,11997000000,2000000,2258000000,4852000000,1540000000,4222000000,894000000
39,AAPL,2916202840000,130108998000,29.32,2.324,4.793,0.95,0.0051,6.44,170782000000,6.44,0.16,0.021,29.32,1.312,2023-09-30,169148000000,379352000000,239069000000,114301000000,54847000000,117669000000,96995000000,352583000000,290437000000,15972000000,62146000000,110543000000,10959000000,96995000000,15025000000
40,AMAT,154630406000,8169000000,22.94,2.19,19.63,1.22,0.0069,8.1,11993000000,8.1,0.288,-0.004,22.94,1.551,2023-10-29,12384000000,26274000000,16276000000,7654000000,4730000000,7954000000,6856000000,30729000000,14380000000,202000000,16349000000,8700000000,1106000000,6856000000,975000000
41,APTV,22886531000,2744000000,7.89,0.739,41.39,None,None,10.39,2646000000,10.39,2.744,0.06,7.89,1.937,2023-12-31,858000000,20051000000,19193000000,1559000000,3884000000,1295000000,2938000000,24427000000,12583000000,18000000,11548000000,1896000000,906000000,2966000000,34000000
42,ACGL,31144935000,3399146000,10.77,2.24,38.84,None,None,7.75,2847711000,7.75,97.08,0.395,10.77,0.574,2022-12-31,-2382580000,9614808000,11997388000,-3739694000,1330949000,1687160000,1476933000,47990000000,35069000000,None,12910000000,3815227000,51672000,1482423000,40736000
43,ADM,28295860000,5088000000,7.38,16.43,47.16,1.75,0.0377,7.19,7570000000,7.19,-0.169,-0.121,7.38,0.763,2022-12-31,7570000000,101556000000,93986000000,3685000000,3885000000,5604000000,4340000000,55499000000,37013000000,426000000,24939000000,3478000000,1319000000,4365000000,899000000
44,ANET,87870202000,2160018000,46.92,2.107,20.92,None,None,6.02,2675696000,6.02,0.522,0.283,46.92,1.131,2022-12-31,2675696000,4381310000,2159460000,1527106000,1148590000,1527106000,1352446000,6775410000,1889590000,None,4885820000,492813000,44644000,1352446000,None
45,AJG,51753284000,2544433000,54.04,2.09,49.73,2.2,0.01,4.42,3643900000,4.42,0.076,0.179,54.04,0.688,2023-12-31,3896700000,9764900000,5868200000,2207000000,1689700000,1485300000,969500000,51615800000,40800500000,670000000,10775300000,2031700000,193600000,966000000,473600000
46,AIZ,9180740000,1102967000,14.6,1.46,90.66,2.82,0.0165,11.95,714400000,11.95,1.693,0.125,14.6,0.49,2022-12-31,1385700000,10193000000,8807300000,1283400000,102300000,458200000,276600000,33117300000,28888600000,None,4228700000,596900000,186300000,276600000,150200000
47,T,120406335000,41836999000,8.55,1.296,14.45,1.11,0.0659,1.97,69893000000,1.97,-0.401,0.022,8.55,0.713,2022-12-31,39925000000,120741000000,80816000000,-4587000000,55842000000,1364000000,-8524000000,402853000000,337878000000,7467000000,97500000000,67654000000,19626000000,-7055000000,9859000000
48,ATO,17061512000,1777827000,18.1,2.72,74.74,3.025,0.0285,6.25,2058278000,6.25,0.087,-0.219,18.1,0.665,2023-09-30,2823184000,4275357000,1452173000,1067147000,1802090000,1136922000,885862000,22516968000,11646904000,243501000,10870064000,3459743000,2805973000,885862000,430345000
49,ADSK,57046852000,1191000000,62.9,1.671,6.92,None,None,4.24,4583000000,4.24,0.231,0.105,62.9,1.454,2023-01-31,4525000000,5005000000,480000000,989000000,3536000000,989000000,823000000,9438000000,8293000000,None,1145000000,2071000000,46000000,823000000,0
50,ADP,103141384000,5305200000,29.07,3.029,10.52,5.15,0.0224,8.6,8510000000,8.6,0.092,0.063,29.07,0.802,2023-06-30,4006800000,18012200000,14005400000,-8202000000,12208800000,4690900000,3412000000,50971000000,47461900000,1200000,3509100000,4207600000,571600000,3412000000,1903600000
51,AZO,47235535000,4108105000,19.49,1.451,-300.92,None,None,137.48,9070422000,137.48,0.186,0.051,19.49,0.698,2023-08-26,9070422000,17457209000,8386787000,3473986000,5728936000,3487735000,2528426000,15985878000,20335772000,86916000,-4349894000,2940788000,796657000,2528426000,4397493000
52,AVB,24800082000,1674614000,26.58,2.65,83.07,6.6,0.0389,6.57,1689582000,6.57,-0.012,0.106,26.58,0.938,2022-12-31,1887099000,2593446000,706347000,1765786000,120301000,1765786000,1136775000,20457764000,9201526000,None,11253476000,1421932000,1618354000,1136438000,889655000
53,AVY,16490394000,1262200000,33.03,2.2,26.27,3.18,0.0158,6.2,2404200000,6.2,0.176,0.042,33.03,0.903,2022-12-31,2404200000,8955200000,8055400000,840900000,1563300000,1083400000,757100000,7950500000,5918300000,598600000,2032200000,961000000,278100000,757100000,238900000
54,AXON,20305562000,166914000,138.26,2.86,20.3,None,None,1.96,728638000,1.96,3.588,0.327,138.26,0.892,2022-12-31,728638000,1185748000,872172000,93253000,635385000,93253000,147139000,2851894000,1583403000,None,1268491000,235361000,56109000,147139000,None
55,BKR,29288993000,3734000000,15.21,1.317,15.4,0.78,0.0286,1.91,4431000000,1.91,1.366,0.157,15.21,1.42,2023-12-31,22104000000,25330000000,3226000000,2317000000,3888000000,2317000000,1943000000,36945000000,21577000000,148000000,15368000000,3062000000,1224000000,1970000000,786000000
56,BALL,18656358000,2112000000,26.53,1.277,12.17,0.8,0.0135,2.23,2583000000,2.23,1.803,-0.041,26.53,0.866,2022-12-31,1497000000,15054000000,13557000000,1214000000,846000000,1214000000,719000000,19909000000,16382000000,1408000000,3461000000,301000000,1651000000,732000000,254000000
57,BAC,261497717000,None,10.74,7.91,33.34,0.92,0.029,3.08,92407000000,3.08,-0.588,-0.11,10.74,1.399,2022-12-31,33512000000,94950000000,61438000000,12017000000,21495000000,51072000000,27528000000,3051375000000,2778178000000,26932000000,273197000000,-6327000000,None,27528000000,8576000000
58,BK,41930977000,None,13.8,0.585,48.24,1.58,0.0304,4,16338000000,4,-0.468,0.084,13.8,1.108,2022-12-31,3328000000,16377000000,13049000000,-1275000000,4603000000,6955000000,2573000000,405783000000,364933000000,10508000000,40734000000,15068000000,1346000000,2560000000,1376000000
59,BBWI,10104081000,1493000000,14.24,1.5,-9.36,0.8,0.0179,3.14,3255000000,3.14,0.303,-0.026,14.24,1.841,2023-01-28,3255000000,7212000000,6184000000,1376000000,1879000000,1399000000,800000000,5494000000,7700000000,None,-2206000000,1144000000,328000000,794000000,186000000
60,BAX,20546699000,2498000000,None,1.696,15.97,1.16,0.0293,-0.15,6031000000,-0.15,0.342,-0.001,-,0.614,2023-12-31,4975000000,14847000000,16080000000,390000000,6883000000,3134000000,2656000000,28276000000,19808000000,2668000000,8402000000,1726000000,692000000,2663000000,586000000
61,BDX,70419866000,4912000000,55.91,1.338,87.68,3.68,0.0156,4.36,8823000000,4.36,-0.435,0.026,55.91,0.452,2023-09-30,1094000000,19372000000,18278000000,2111000000,8045000000,2068000000,1484000000,52780000000,26984000000,1141000000,25796000000,5727000000,874000000,1530000000,1114000000
62,BBY,16283937000,2621000000,13.06,1.734,13,3.64,0.0487,5.79,9912000000,5.79,-0.01,-0.078,13.06,1.511,2023-01-28,9912000000,46298000000,36386000000,1795000000,8218000000,1824000000,1419000000,15803000000,13008000000,32000000,2795000000,1824000000,930000000,1419000000,789000000
63,BIO,9478634000,536049000,None,1.074,288.77,None,None,-6.02,1568430000,-6.02,1.978,-0.072,-,0.886,2022-12-31,1567330000,5562940000,2107344000,482616000,1122114000,-4666121000,-3627535000,13501666000,3886414000,1465000,9615252000,194447000,112782000,-3627573000,68184000000
64,TECH,10682759000,323365000,48.88,1.148,12.49,0.32,0.0047,1.39,770215000,1.39,-0.452,0.004,48.88,1.236,2023-06-30,769815000,1137169000,816620000,298944000,470871000,349695000,285263000,2638692000,672176000,None,1966516000,254393000,38244000,285442000,50285000
65,BIIB,34917519000,2536600000,23.98,6.24,99.96,None,None,10.05,7895100000,10.05,-0.438,0.009,23.98,0.003,2022-12-31,5114100000,10173400000,5059300000,-815000000,5425400000,3926300000,3046900000,24554100000,11165700000,0,13397900000,1384300000,243200000,2961600000,None
66,BLK,118385689000,6760333000,21.84,4.245,259.34,20,0.0256,36.51,8787000000,36.51,0.103,0.068,21.84,1.392,2022-12-31,38412000000,46595000000,8183000000,6385000000,11488000000,6686000000,5178000000,117628000000,78843000000,None,37744000000,4956000000,533000000,4994000000,2990000000
67,BX,155528282000,None,69.39,4.243,9.48,3.35,0.0262,1.84,7053217000,1.84,-0.733,-0.303,69.39,1.507,2022-12-31,3825451000,8517673000,4692222000,2642285000,1367766000,2537736000,1747631000,42524227000,22843160000,89944000,7655911000,6336253000,235497000,2988909000,7790692000
68,BA,127652577000,3154000000,None,6.53,-28.27,None,None,-3.66,5768000000,-3.66,-0.68,0.102,-,1.558,2023-12-31,7724000000,77794000000,70070000000,-773000000,8830000000,-773000000,-2222000000,137012000000,154240000000,5204000000,-17233000000,5960000000,1527000000,-2242000000,None
69,BKNG,133917483000,6830000000,26.58,0.797,-17.76,None,None,141.38,14625000000,141.38,0.663,0.213,26.58,1.411,2022-12-31,7247000000,17090000000,9843000000,5102000000,11988000000,5102000000,3058000000,25361000000,22579000000,521000000,2782000000,6554000000,368000000,3058000000,None
70,BWA,7474749000,1830000000,11.82,1.356,25.36,0.56,0.0138,2.69,3101000000,2.69,-0.394,0.062,11.82,1.31,2023-12-31,2568000000,14198000000,11630000000,1160000000,2208000000,1160000000,625000000,14453000000,8387000000,73000000,5828000000,3516000000,832000000,695000000,246000000
71,BXP,10212129000,1588147000,53.04,1.233,37.45,3.92,0.0611,1.21,1952127000,1.21,-0.023,0.085,53.04,1.181,2022-12-31,1929527000,3108581000,1179054000,1030469000,462039000,1030469000,848947000,24207669000,15837237000,None,6132919000,1282399000,1820546000,1020584000,685019000
72,BSX,95956189000,3724333000,61.22,2.034,12.89,None,None,1.07,8679000000,1.07,2.866,0.149,61.22,0.78,2022-12-31,8727000000,12190000000,9482000000,1649000000,7078000000,1649000000,698000000,32469000000,14896000000,20000000,17573000000,1526000000,588000000,698000000,55000000
73,BMY,101351391000,18448331000,12.9,0.671,14.26,2.31,0.0482,3.86,36378000000,3.86,-0.087,0.006,12.9,0.371,2022-12-31,17713000000,46159000000,28446000000,-10290000000,28003000000,8927000000,6327000000,96820000000,65702000000,4264000000,31061000000,13066000000,1118000000,6345000000,4634000000
74,AVGO,600830837000,20203000000,38.94,1.921,59.22,19.05,0.0164,32.96,24947000000,32.96,1.881,0.164,38.94,1.264,2023-10-29,24690000000,35819000000,11129000000,16207000000,8483000000,16207000000,14082000000,72861000000,48873000000,1608000000,23988000000,18085000000,452000000,14082000000,7645000000
75,BR,23436661000,1460100000,34.73,2.095,17.57,1.45,0.0161,5.73,1785400000,5.73,0.229,0.087,34.73,1.012,2023-06-30,437700000,5917200000,5479500000,936400000,1204000000,936400000,630600000,8233200000,5992600000,1178500000,2240600000,823300000,75200000,774300000,331000000
76,BRO,23052440000,1368200000,26.56,4.41,19.6,0.475,0.0064,3.05,1750000000,3.05,0.833,0.124,26.56,0.782,2022-12-31,3566400000,3573400000,7000000,869100000,2697300000,1017300000,671800000,13973500000,9366900000,250600000,4606600000,881400000,52600000,671800000,119500000
77,BLDR,22859899000,2769682000,15.52,0.81,37.12,None,None,11.94,7744379000,11.94,-0.239,-0.213,15.52,2.04,2022-12-31,7744379000,22698852000,19260688000,3770206000,4317570000,3770206000,2749369000,10595160000,5632594000,6355000,4962566000,3599231000,340152000,2749369000,None
78,BG,12863799000,3720000000,6.85,1.705,80.37,2.613,0.0299,12.92,3918000000,12.92,0.895,-0.103,6.85,0.621,2023-12-31,4409000000,61264000000,56855000000,2799000000,58465000000,None,1963000000,24580000000,14624000000,None,9956000000,1342000000,1007000000,None,380000000
79,CDNS,84867023000,1288402000,88.62,3.046,11.45,None,None,3.52,3190095000,3.52,0.368,0.134,88.62,1.064,2022-12-31,2618051000,3534364000,916313000,1073686000,2126713000,1068297000,848952000,5137071000,2391958000,100000000,2745113000,1241894000,124215000,848952000,None
80,CZR,9599140000,3834000000,13.57,1.16,21.32,None,None,3.28,5420000000,3.28,0.417,0.037,13.57,2.842,2022-12-31,4134000000,8497000000,4363000000,1739000000,3996000000,1363000000,-899000000,33527000000,29776000000,108000000,3713000000,969000000,963000000,-910000000,None
81,CPT,10216300000,897838000,25.26,8.96,45.82,4,0.0441,3.7,905813000,3.7,3.823,0.032,25.26,0.85,2022-12-31,215378000,1350892000,1135514000,-385683000,601061000,770003000,653613000,9327935000,4271014000,None,4986620000,744712000,1519889000,661508000,396822000
82,CPB,12848100000,1748000000,15.91,1.539,12.6,1.48,0.0352,2.64,2935000000,2.64,-0.212,-0.022,15.91,0.244,2023-07-30,1406000000,9357000000,7951000000,1312000000,1651000000,1316000000,858000000,12058000000,8395000000,191000000,3661000000,1143000000,383000000,858000000,447000000
83,COF,51498553000,None,11.31,7.14,139.97,2.4,0.0178,11.95,28403000000,11.95,-0.447,0.004,11.31,1.492,2022-12-31,9240000000,34250000000,25010000000,-3869000000,13109000000,13363000000,7360000000,455249000000,402667000000,883000000,52582000000,13809000000,934000000,7360000000,1178000000
84,CAH,25527302000,2728000000,41.65,0.354,-14.13,1.998,0.0191,2.52,6545000000,2.52,-0.95,0.116,41.65,0.702,2023-06-30,6889000000,205012000000,198123000000,727000000,6269000000,730000000,261000000,43417000000,46269000000,836000000,-2852000000,2839000000,481000000,262000000,525000000
85,KMX,11810911000,1011806000,23.89,0.925,38.25,None,None,3.13,2800203000,3.13,1.176,-0.043,23.89,1.599,2023-02-28,2800203000,29684873000,26884670000,11997000,2792979000,757202000,484762000,26182736000,20569659000,579468000,5613077000,1283332000,422710000,484762000,None
86,CCL,20495497000,4314000000,None,1.41,5.45,None,None,-0.06,10702000000,-0.06,-0.139,0.406,-,2.58,2023-11-30,5112000000,19429000000,14317000000,1956000000,17267000000,2005000000,-74000000,49120000000,42238000000,2089000000,6882000000,4281000000,3284000000,-88000000,None
87,CARR,50317369000,2811000000,35.45,2.221,10.33,0.745,0.0136,1.58,5473000000,1.58,0.582,-0.001,35.45,1.271,2023-12-31,17821000000,21458000000,3637000000,2296000000,4253000000,2296000000,1349000000,32822000000,23817000000,51000000,9005000000,2607000000,469000000,1440000000,678000000
88,CTLT,10249652000,312000000,None,3.775,20.27,None,None,-7.18,1040000000,-7.18,-0.154,-0.102,-,1.204,2023-06-30,1040000000,4263000000,3223000000,-163000000,1499000000,-163000000,-256000000,10508000000,5733000000,None,4775000000,254000000,576000000,-256000000,0
89,CAT,163925426000,15094000000,15.77,1.874,38.65,5.1,0.0164,20.11,15565000000,20.11,0.894,0.029,15.77,1.139,2022-12-31,18077000000,59427000000,41350000000,7904000000,8543000000,7904000000,6705000000,81943000000,66052000000,5957000000,15891000000,7766000000,2599000000,6704000000,2440000000
90,CBOE,19439256000,1175700000,25.7,1.75,35.84,2.05,0.012,7.14,1741700000,7.14,0.326,-0.036,25.7,0.602,2022-12-31,1741700000,3958500000,2216800000,489600000,1252100000,489600000,235000000,6998900000,3533600000,304700000,3465300000,651100000,59800000,235000000,209400000
91,CBRE,26379835000,1738851000,45.55,2.204,25.84,None,None,1.9,6622158000,1.9,-0.558,0.045,45.55,1.428,2022-12-31,6588758000,30828246000,24239488000,1511915000,915543000,1511915000,1407370000,20513389000,11907657000,668754000,7853273000,1629088000,260140000,1423960000,None
92,CDW,32851010000,1951033000,30.31,1.53,15.23,2.39,0.0101,8.09,4686600000,8.09,0.044,-0.077,30.31,1.096,2022-12-31,4686600000,23513000000,22246500000,1735200000,3192700000,1735200000,1114500000,13131500000,11528200000,56300000,1603300000,1335900000,127800000,1114500000,282600000
93,CE,16210686000,1710000000,8.01,16.02,59.63,2.8,0.0188,18.59,2380000000,18.59,3.964,0.183,8.01,1.353,2022-12-31,2380000000,9349000000,8212000000,1378000000,1023000000,1810000000,1894000000,26272000000,20635000000,1306000000,5637000000,1819000000,543000000,1902000000,297000000
94,COR,38515761000,3418519000,23.39,1.577,3.394,1.915,0.0104,8.2,8334565000,8.2,0.224,0.115,23.39,0.542,2023-09-30,8959493000,262173411000,253213918000,2340731000,6418116000,2340731000,1745293000,62558746000,62036743000,641344000,522003000,3911334000,458359000,1732576000,398752000
95,CNC,41331651000,6301000000,15.62,0.746,48.35,None,None,4.95,24470000000,4.95,-0.316,0.058,15.62,0.365,2022-12-31,122055000000,144547000000,22492000000,1318000000,14909000000,2627000000,1202000000,76870000000,52633000000,82000000,24057000000,6261000000,1004000000,1202000000,None
96,CNP,17377597000,2930000000,21.85,2.042,15.19,0.75,0.0291,1.26,3570000000,1.26,0.333,-0.023,21.85,0.936,2022-12-31,8362000000,9321000000,959000000,1566000000,471000000,1566000000,1057000000,38546000000,28504000000,2020000000,10042000000,1810000000,4419000000,1057000000,489000000
97,CF,14917652000,3881000000,7.26,0.644,29.95,1.6,0.0256,10.76,5861000000,10.76,-0.61,-0.452,7.26,1.012,2022-12-31,5861000000,11186000000,5325000000,5397000000,850000000,5397000000,3346000000,13313000000,8262000000,None,5051000000,3855000000,453000000,3937000000,925000000
98,CHRW,8710330000,579972000,27.45,2.706,11.96,2.44,0.0327,2.72,1891731000,2.72,-0.677,-0.167,27.45,0.764,2022-12-31,22150077000,24696625000,2546548000,1266782000,820126000,1266782000,940524000,5954564000,4601142000,1053655000,1353422000,1650171000,128497000,940524000,285317000
99,CRL,11399175000,972454000,24.1,1.842,64.45,None,None,9.22,1462651000,9.22,-0.101,0.038,24.1,1.379,2022-12-31,3270862000,4098086000,827224000,650975000,646101000,675896000,486226000,7602770000,4579265000,3677000,2976293000,619640000,324733000,492608000,None
100,SCHW,113856250000,None,24.95,1.468,15.7,1,0.0158,2.54,20174000000,2.54,-0.477,-0.196,24.95,0.989,2022-12-31,9388000000,20762000000,11374000000,4808000000,3866000000,10933000000,7183000000,551772000000,515164000000,17050000000,36608000000,2057000000,952000000,7183000000,2110000000
101,CHTR,42282254000,20985999000,9.71,0.284,76.34,None,None,30,24485000000,30,-0.079,0.003,9.71,1.026,2023-12-31,48946000000,54607000000,5661000000,12559000000,33405000000,12559000000,4557000000,147193000000,136107000000,2000000000,11086000000,14433000000,11115000000,5261000000,158000000
102,CVX,285165027000,42221998000,13.3,2.575,87.55,6.04,0.0408,11.36,98886000000,11.36,-0.633,-0.156,13.3,1.125,2022-12-31,94159000000,246252000000,152093000000,65133000000,28476000000,50161000000,35465000000,257709000000,97467000000,6014000000,159282000000,49602000000,11974000000,35608000000,11082000000
103,CMG,72346722000,1915577000,59.53,2.301,111.65,None,None,44.32,3374024000,44.32,0.273,0.154,59.53,1.288,2023-12-31,3564028000,9871649000,6307621000,1557813000,2384392000,1557813000,1228737000,8044362000,4982155000,None,3062207000,1783477000,560731000,3241012000,None
104,CB,100859216000,10183333000,11.34,0.736,146.83,3.41,0.0139,21.8,10626000000,21.8,1.557,0.131,11.34,0.629,2022-12-31,-16600000000,43166000000,59766000000,-20402000000,3728000000,7138000000,5313000000,199017000000,148498000000,475000000,50519000000,11243000000,None,13136000000,1375000000
105,CHD,24623395000,1282600000,32.4,3.714,15.76,1.09,0.0115,3.05,2250000000,3.05,-0.066,0.064,32.4,0.535,2022-12-31,2250000000,5375600000,3125600000,597800000,1351800000,612900000,413900000,8345600000,4855700000,74000000,3489900000,885200000,178800000,413900000,255000000
106,CI,97968366000,11991000000,18.9,0.86,158.03,4.92,0.0167,17.72,22981000000,17.72,-0.088,0.116,18.9,0.521,2022-12-31,-24166000000,180516000000,204682000000,8414000000,13455000000,8414000000,6668000000,143885000000,99131000000,2993000000,44675000000,8656000000,1295000000,6746000000,1384000000
107,CINF,17095730000,2447333000,9.34,-158.72,77.06,3,0.0298,11.66,-533000000,11.66,0.171,0.078,9.34,0.638,2022-12-31,-4876000000,6557000000,11433000000,-4918000000,42000000,-640000000,-486000000,29732000000,19170000000,None,10562000000,2052000000,15000000,-486000000,423000000
108,CTAS,62669578000,2218695000,44.86,3.578,39.41,5,0.0087,13.78,3632246000,13.78,0.157,0.093,44.86,1.272,2023-05-31,4173368000,8706253000,2520704000,1802664000,2520704000,1804380000,1348010000,8546356000,4682370000,13595000,3863986000,1597814000,331109000,1348010000,449917000
109,CSCO,203702256000,18095000000,15.14,3.076,11.17,1.55,0.0311,3.31,35753000000,3.31,0.369,0.076,15.14,0.88,2023-07-29,35753000000,56682000000,34408000000,15031000000,20722000000,15745000000,12613000000,101852000000,57499000000,1733000000,44353000000,19886000000,849000000,12613000000,6302000000
110,C,103319044000,None,13.36,0.717,98.71,2.08,0.0389,4.04,70560000000,4.04,-0.001,-0.1,13.36,1.512,2022-12-31,19207000000,75338000000,56131000000,4809000000,14398000000,44227000000,14845000000,2417000000000,2214838000000,47096000000,201189000000,25069000000,5632000000,14934000000,5003000000
111,CFG,14692167000,None,10.06,0.263,47.87,1.68,0.0533,3.13,7547000000,3.13,-0.728,-0.108,10.06,1.376,2022-12-31,3129000000,8021000000,4892000000,829000000,1977000000,3703000000,2073000000,226733000000,203043000000,3000000,23690000000,4119000000,126000000,2073000000,892000000
112,CLX,19139736000,1114000000,243.17,2.462,0.427,4.78,0.0313,0.63,2905000000,0.63,-0.064,0.16,243.17,0.418,2023-06-30,2908000000,7286000000,6219000000,1032000000,1876000000,316000000,149000000,5945000000,5557000000,59000000,220000000,1158000000,228000000,161000000,598000000
113,CME,73830351000,3584500000,24.44,4.581,78.38,4.3,0.0419,8.39,5008800000,8.39,0.102,0.09,24.44,0.484,2022-12-31,3663300000,5019400000,1356100000,3015900000,844800000,3015900000,2691000000,174175700000,147297000000,16000000,26878700000,3056000000,89700000,2691000000,2633500000
114,CMS,16568331000,2395000000,18.63,2.181,23.86,1.923,0.0367,3.01,2762000000,3.01,0.805,-0.144,18.63,0.381,2023-12-31,6412000000,7462000000,1050000000,1235000000,2210000000,1677000000,887000000,33517000000,25973000000,980000000,7544000000,2309000000,2574000000,808000000,579000000
115,KO,258669674000,14168001000,24.11,2.806,6.09,1.82,0.0309,2.47,25004000000,2.47,0.092,0.08,24.11,0.588,2022-12-31,25004000000,43004000000,18000000000,10909000000,14181000000,12539000000,9542000000,92763000000,68658000000,2772000000,24105000000,11018000000,1484000000,9571000000,7616000000
116,CTSH,39003501000,3437000000,18.31,1.34,26.56,1.17,0.0156,4.21,7039000000,4.21,0.101,-0.017,18.31,1.078,2022-12-31,2968000000,19428000000,16460000000,2968000000,4021000000,3039000000,2290000000,17852000000,5543000000,13000000,12309000000,2568000000,332000000,2290000000,564000000
117,CL,69377376000,4489000000,30.13,1.535,0.74,1.91,0.023,2.77,10248000000,2.77,144.31,0.069,30.13,0.41,2022-12-31,10248000000,17967000000,7719000000,2893000000,7686000000,2893000000,1785000000,15731000000,14925000000,25000000,401000000,2556000000,696000000,1967000000,1691000000
118,CMCSA,166698582000,37648998000,11.34,0.686,20.79,1.16,0.0295,3.71,83214000000,3.71,0.144,0.023,11.34,1.014,2023-12-31,107098000000,121572000000,14474000000,23314000000,15249000000,24846000000,15388000000,264811000000,182108000000,2069000000,82703000000,28501000000,15540000000,15107000000,4766000000
119,CMA,6772962000,None,7.97,0.316,45.58,2.84,0.0553,6.44,3474000000,6.44,-0.923,-0.22,7.97,1.309,2022-12-31,1543000000,3601000000,2058000000,1093000000,450000000,1682000000,1151000000,85406000000,80225000000,3211000000,5181000000,638000000,82000000,1151000000,376000000
120,CAG,13431945000,2271700000,13.37,0.677,18.84,1.36,0.0511,2.05,2860600000,2.05,-0.243,-0.032,13.37,0.428,2023-05-28,-152800000,11852600000,12005400000,1464200000,3075100000,1464200000,683600000,22052600000,13245300000,2157400000,8736800000,995400000,362200000,683200000,623800000
121,COP,134185681000,24786000000,12.27,0.721,41.83,4.61,0.0222,9.06,39598000000,9.06,-0.021,-0.208,12.27,1.255,2022-12-31,43436000000,78494000000,35058000000,36311000000,6552000000,29137000000,18680000000,93829000000,45826000000,417000000,48003000000,28314000000,10159000000,18680000000,5726000000
122,ED,30745293000,4752000000,13.16,2.554,61.1,3.22,0.0373,6.77,7685000000,6.77,-0.116,-0.07,13.16,0.371,2022-12-31,10506000000,15670000000,5164000000,2624000000,13046000000,3010000000,1660000000,69065000000,48378000000,1402000000,20687000000,3935000000,4465000000,1600000000,1126000000
123,STZ,44434432000,3547100000,28.17,2.039,51.81,3.47,0.0147,8.61,4711000000,8.61,0.23,0.014,28.17,0.962,2023-02-28,4769000000,19569700000,7682400000,2842900000,2993600000,2842900000,-71000000,24662300000,15928400000,1184300000,8413600000,2756900000,1035400000,345100000,587700000
124,CEG,42212721000,4143000000,25.32,0.861,36.53,0.99,0.0086,5.22,2227000000,5.22,-0.094,0.01,25.32,0.547,2022-12-31,3726000000,24440000000,20714000000,495000000,2115000000,-298000000,-160000000,46909000000,35537000000,1302000000,11018000000,-2353000000,1689000000,-167000000,185000000
125,COO,18711484000,872200000,63.83,2.618,152.54,0.06,0.0002,5.9,2357900000,5.9,0.28,0.093,63.83,0.942,2023-10-31,2357900000,3487900000,2922700000,533100000,1824800000,518200000,294200000,11658900000,4107900000,45400000,7550800000,607500000,392500000,294200000,3000000
126,CPRT,48933417000,1728048000,37.16,3.162,6.68,None,None,1.37,1769369000,1.37,0.36,0.142,37.16,1.222,2023-07-31,1542920000,3956092000,2413172000,1486569000,280745000,1486569000,1237741000,6737879000,750439000,13000,5987440000,1364210000,516636000,1237741000,None
127,GLW,27335727000,2678000000,47.12,1.129,14.09,1.12,0.035,0.68,4843000000,0.68,-0.208,-0.121,47.12,1.09,2022-12-31,4506000000,14189000000,9683000000,1438000000,3524000000,1438000000,1316000000,29499000000,17224000000,224000000,12008000000,2615000000,1604000000,1386000000,932000000
128,CTVA,37587538000,3321000000,41.23,1.188,35.7,0.63,0.0119,1.3,7026000000,1.3,-0.246,-0.031,41.23,0.729,2023-12-31,3446000000,17226000000,13780000000,-1966000000,5412000000,-1966000000,735000000,42996000000,17959000000,198000000,25037000000,1769000000,595000000,747000000,439000000
129,CSGP,33947216000,446853000,83.97,3.366,17.67,None,None,0.99,1768391000,0.99,0.222,0.122,83.97,0.846,2022-12-31,1768391000,2133165000,1634045000,450949000,1317442000,450949000,369453000,8402470000,1532349000,None,6870121000,478620000,35169000,369453000,None
130,COST,321374814000,10869000000,49.28,5.15,58.92,3.96,0.0056,14.68,30095000000,14.68,0.166,0.062,49.28,0.759,2023-09-03,7945000000,242290000000,234345000000,8114000000,21759000000,8647000000,6292000000,68994000000,43936000000,1081000000,25058000000,11068000000,4323000000,6292000000,1251000000
131,CTRA,18428705000,4505000000,8.41,44.67,16.98,1.65,0.0329,2.89,7636000000,2.89,-0.72,-0.497,8.41,0.182,2022-12-31,8134000000,9051000000,917000000,5209000000,487000000,5279000000,4065000000,20154000000,7484000000,6000000,12659000000,5456000000,1710000000,4065000000,1992000000
132,CCI,47011889000,4242000000,31.33,9.42,14.7,6.26,0.0577,3.46,4918000000,3.46,-0.126,-0.051,31.33,0.755,2022-12-31,4962000000,6986000000,2024000000,2425000000,1432000000,2425000000,1675000000,38921000000,31472000000,819000000,7449000000,2878000000,1310000000,1675000000,2602000000
133,CSX,73255051000,7138000000,19.94,3.202,6.16,0.44,0.0119,1.85,7390000000,1.85,-0.078,-0.013,19.94,1.191,2022-12-31,9772000000,14396000000,4624000000,6023000000,8666000000,6023000000,4166000000,41912000000,29287000000,151000000,12625000000,5619000000,2133000000,4152000000,852000000
134,CMI,35702403000,2294000000,48.79,0.638,62.41,6.5,0.0267,5.16,6736000000,5.16,0.628,0.099,48.79,1.022,2022-12-31,6719000000,28074000000,21355000000,2929000000,5152000000,2929000000,2151000000,30299000000,20074000000,3357000000,8975000000,1962000000,916000000,2183000000,855000000
135,CVS,96044909000,18393000000,11.8,1.101,59.36,2.42,0.0349,6.47,53456000000,6.47,-0.105,0.12,11.8,0.49,2023-12-31,-36630000000,357776000000,394406000000,13743000000,44372000000,13807000000,8344000000,249728000000,173092000000,2972000000,76461000000,13426000000,3031000000,8368000000,3132000000
136,DHR,181746991000,7368000000,42.92,3.166,72.36,1.05,0.004,5.66,18949000000,5.66,-0.281,-0.103,42.92,0.871,2022-12-31,18949000000,31383000000,22531000000,8688000000,11783000000,8503000000,7209000000,84350000000,34268000000,591000000,50082000000,8519000000,1152000000,7209000000,818000000
137,DRI,20082483000,1706200000,20.27,2.007,17.07,5.04,0.0307,8.27,1995000000,8.27,0.159,0.097,20.27,1.26,2023-05-28,1965100000,10461500000,3894300000,1201800000,550200000,1169100000,981900000,10241500000,8040000000,13500000,2201500000,3100000000,594300000,981400000,589800000
138,DVA,10123182000,2217035000,17.06,0.438,13.13,None,None,6.44,3400341000,6.44,1.319,0.059,17.06,1.003,2022-12-31,9522095000,11609894000,2087799000,1339062000,2059794000,1339062000,560400000,16928252000,14703452000,231404000,712326000,1564570000,603429000,781643000,267946000
139,DE,108028609000,16572000000,11.01,2.03,77.37,5.05,0.0154,34.62,21117000000,34.62,0.112,-0.009,11.01,1.061,2023-10-29,56076000000,61251000000,5175000000,12958000000,8261000000,15490000000,10166000000,104087000000,82201000000,17939000000,21785000000,8589000000,4468000000,10155000000,1427000000
140,DAL,26066684000,9831999000,5.65,23.16,17.18,0,0.0099,7.17,9680000000,7.17,1.432,0.059,5.65,1.423,2022-12-31,21063000000,49453000000,28390000000,3661000000,7778000000,3661000000,1318000000,72288000000,65706000000,3459000000,6582000000,6363000000,6366000000,1318000000,0
141,XRAY,7025291000,627000000,None,2.047,15.94,0.545,0.0171,-1.01,2127000000,-1.01,0.178,0,-,1.019,2022-12-31,2127000000,3908000000,4945000000,-1197000000,3327000000,-1197000000,-950000000,7643000000,3831000000,118000000,3811000000,517000000,144000000,-950000000,104000000
142,DVN,27172078000,7523000000,7.09,0.395,18.16,3.45,0.069,5.87,11329000000,5.87,-0.507,-0.259,7.09,2.221,2022-12-31,18741000000,19169000000,428000000,18337000000,413000000,8134000000,6015000000,23721000000,12554000000,510000000,11167000000,16642000000,2542000000,6037000000,3379000000
143,DXCM,48979730000,767200000,92.67,2.464,5.37,None,None,1.3,1883100000,1.3,1.81,0.269,92.67,1.198,2023-12-31,2288900000,3603200000,2533400000,597700000,1691200000,730700000,541500000,6264500000,4195900000,4700000,2068600000,748500000,236600000,541500000,1230600000
144,FANG,27470555000,6069000000,8.61,1.201,91.04,7.99,0.0527,17.63,8173000000,17.63,-0.246,-0.083,8.61,1.884,2022-12-31,9485000000,9643000000,158000000,6508000000,270000000,5719000000,4386000000,26209000000,10519000000,10000000,15009000000,6325000000,3505000000,4562000000,1572000000
145,DLR,45490246000,2359310000,51.11,3.421,57.65,4.88,0.0332,2.88,2660775000,2.88,2.097,0.172,51.11,0.557,2022-12-31,2688734000,4691834000,2003100000,589968000,4101866000,708366000,377684000,41484998000,21862854000,None,17583334000,1659388000,2643097000,380325000,1450637000
146,DFS,27301333000,None,9.7,24.95,59.31,2.7,0.0256,11.26,10465000000,11.26,-0.592,0.079,9.7,1.429,2022-12-31,3566000000,11161000000,7595000000,452000000,3114000000,7607000000,4392000000,131706000000,117362000000,None,14344000000,7140000000,236000000,4392000000,703000000
147,DG,29774866000,3620100000,15.56,7.02,29.39,2.32,0.0175,8.69,11820098000,8.69,-0.46,0.024,15.56,0.392,2023-02-03,11820098000,37844863000,26024765000,3328302000,8491796000,3327887000,2415989000,29083367000,23541595000,None,5541772000,1984555000,1560582000,2415989000,493726000
148,DLTR,30700323000,2508500000,26.47,2.473,41.3,None,None,5.27,8935400000,5.27,-0.193,0.054,26.47,0.899,2023-01-28,8921900000,28331700000,19409800000,2236300000,223900000,2236300000,1615400000,23022100000,14270600000,0,8751500000,1614800000,1248800000,1615400000,None
149,D,37404828000,8435000000,14.85,2.311,31.36,2.67,0.0597,3.01,7923000000,3.01,-0.816,-0.039,14.85,0.606,2022-12-31,11105000000,17174000000,6069000000,1596000000,6042000000,1596000000,994000000,104243000000,76362000000,6760000000,27881000000,3700000000,7591000000,994000000,2209000000
150,DPZ,14879511000,866309000,29.08,2.49,-112.88,4.73,0.0114,14.62,1163276000,14.62,0.301,0.031,29.08,0.838,2021-12-31,1648606000,4537158000,2888552000,767925000,880681000,771087000,452263000,1602221000,5791286000,54813000,-4189065000,654206000,94172000,510467000,139399000
151,DOV,22456541000,1683806000,21.38,1.183,36.5,2.03,0.0127,7.51,3070411000,7.51,0.128,-0.016,21.38,1.259,2023-12-31,3084633000,8306829000,7282342000,1366343000,2084833000,1401311000,1056828000,11348513000,6241908000,471352000,5106605000,1336345000,192592000,1056828000,284297000
152,DOW,37916799000,5176000000,65.84,0.712,26.5,2.8,0.0519,0.82,8564000000,0.82,-0.588,-0.104,65.84,1.309,2023-12-31,2292000000,44622000000,42330000000,479000000,3418000000,1453000000,589000000,57967000000,39360000000,179000000,18607000000,5196000000,2356000000,660000000,2061000000
153,DHI,48083603000,6285100000,10.44,0.572,69.7,1.05,0.0083,13.88,8912500000,13.88,0.022,0.065,10.44,1.645,2023-09-30,9350400000,35460400000,26110000000,5961900000,3388500000,6468700000,4745700000,32582400000,9444500000,None,22696200000,4304100000,148600000,4795200000,341200000
154,DTE,21555757000,3382000000,15.45,1.748,53.55,3.878,0.0391,6.76,3668000000,6.76,0.539,-0.242,15.45,0.646,2023-12-31,-1365000000,12745000000,1043000000,2243000000,1034000000,2357000000,1397000000,44755000000,33705000000,3425000000,11050000000,3220000000,3934000000,1397000000,752000000
155,DUK,71406428000,12356000000,17.14,2.328,61.15,4.06,0.0447,5.35,13112000000,5.35,-0.124,0.104,17.14,0.476,2022-12-31,18558000000,26329000000,7771000000,6012000000,2823000000,5289000000,2550000000,178086000000,128764000000,8259000000,49322000000,5927000000,11367000000,2455000000,3179000000
156,DD,29109846000,2855000000,62.09,1.638,56.45,1.44,0.0225,1.09,4615000000,1.09,-0.039,-0.066,62.09,1.199,2022-12-31,2558000000,13171000000,10613000000,4927000000,-2349000000,4927000000,5868000000,41355000000,14338000000,300000000,26569000000,588000000,743000000,5917000000,652000000
157,EMN,9734729000,1544000000,10.99,0.959,45.16,3.18,0.0393,7.49,2176000000,7.49,310.9,-0.07,10.99,1.542,2022-12-31,2137000000,10580000000,8443000000,603000000,1534000000,983000000,793000000,14667000000,9431000000,1126000000,5153000000,975000000,624000000,796000000,381000000
158,ETN,110989427000,4811666000,34.62,2.635,47.64,3.44,0.0124,8.03,6887000000,8.03,0.305,0.108,34.62,1.043,2022-12-31,6697000000,20562000000,13865000000,2359000000,4314000000,2908000000,2462000000,35014000000,17976000000,334000000,17038000000,2533000000,598000000,2465000000,1299000000
159,EBAY,22021169000,2683000000,8.52,2.221,11.34,0.97,0.0236,4.98,7115000000,4.98,-0.62,0.05,8.52,1.298,2022-12-31,7115000000,9795000000,2680000000,2350000000,4765000000,-1361000000,-1269000000,20850000000,15697000000,1150000000,5153000000,2254000000,449000000,-1269000000,489000000
160,ECL,57852031000,2994100000,46.93,2.234,23.46,2.12,0.0112,4.32,5426700000,4.32,0.065,0.178,46.93,1.085,2022-12-31,1638300000,14402400000,12764100000,1562500000,4161200000,1562500000,1108900000,21464300000,14205700000,505100000,7236100000,1788400000,712800000,1108900000,602800000
161,EIX,24824547000,5836000000,20.16,1.973,35.7,2.95,0.0482,3.21,9414000000,3.21,0.46,-0.101,20.16,0.978,2022-12-31,17178000000,17220000000,42000000,1483000000,-81000000,1483000000,824000000,78041000000,60519000000,4629000000,15621000000,3216000000,5778000000,824000000,1259000000
162,EW,52037681000,1696867000,36.33,5.2,10.99,None,None,2.34,4303600000,2.34,-0.062,0.138,36.33,1.035,2022-12-31,4302000000,5362000000,2707700000,1748500000,2589400000,1748500000,1521900000,8292500000,2485800000,None,5806700000,1218200000,264800000,1521900000,None
163,EA,37592084000,1933000000,35.42,1.371,28.09,0.76,0.0054,3.97,5754000000,3.97,0.466,0.034,35.42,0.775,2023-03-31,5634000000,7426000000,1792000000,1332000000,4302000000,1384000000,802000000,13459000000,6166000000,None,7293000000,1550000000,207000000,802000000,210000000
164,ELV,118908051000,11420000000,20.08,0.846,166.69,5.92,0.0129,25.2,40112000000,25.2,-0.077,0.068,20.08,0.785,2022-12-31,-108727000000,156595000000,265322000000,8452000000,19313000000,8626000000,6025000000,102755000000,66425000000,1765000000,36243000000,8399000000,1152000000,6019000000,1229000000
165,LLY,702639047000,11844866000,133.36,1.779,12.48,4.52,0.007,5.55,21911600000,5.55,0.131,0.281,133.36,0.316,2022-12-31,15019800000,28541400000,13521600000,564300000,14455500000,7138000000,6244800000,49489800000,38840000000,1501100000,10649800000,7084400000,1854300000,6244800000,3535800000
166,EMR,58999435000,4309000000,30.26,2.304,36.16,2.085,0.0203,3.41,7427000000,3.41,-0.937,0.221,30.26,1.337,2023-09-30,7427000000,15115000000,12829000000,1882000000,5545000000,1882000000,13219000000,42746000000,22057000000,547000000,20689000000,637000000,363000000,13200000000,1198000000
167,ENPH,16723402000,536133000,39.89,2.41,7.23,None,None,3.07,974595000,3.07,-0.858,-0.582,39.89,1.468,2023-12-31,1058388000,2290786000,1232398000,445741000,612647000,521978000,438936000,3383012000,2399388000,None,983624000,696780000,110401000,438936000,None
168,ETR,20713779000,4904553000,14.11,1.605,64.74,4.28,0.0461,6.94,5278351000,6.94,0.146,-0.148,14.11,0.708,2022-12-31,9457789000,12477921000,3020132000,2050775000,2646053000,1976425000,1103166000,58595191000,45628206000,3136658000,12966985000,2585490000,106193000,1097138000,859996000
169,EOG,65930945000,13564000000,8.24,2.606,47.61,3.3,0.0328,13.48,20132000000,13.48,-0.284,-0.196,8.24,1.402,2022-12-31,24671000000,25702000000,1031000000,9966000000,1116000000,10080000000,7759000000,41371000000,16592000000,1316000000,24779000000,11093000000,5000000000,7759000000,5148000000
170,EPAM,16569851000,696832000,35.69,1.33,57.19,None,None,8.02,1560315000,8.02,-0.373,-0.061,35.69,1.457,2022-12-31,1454378000,4741061000,3286683000,572966000,1001062000,572966000,419416000,4009151000,1006141000,2861000,3001532000,464104000,81629000,419416000,None
171,EQT,14293776000,5727995000,4.703,0.587,34.53,0.6,0.0184,7.3,9722660000,7.3,-0.882,-0.73,4.703,1.129,2022-12-31,4694915000,7497689000,2802774000,2717997000,711184000,2574340000,1770965000,22669926000,11456598000,422632000,11172474000,3465560000,1400443000,1780942000,203629000
172,EFX,31078975000,1553400000,56.5,1.444,36.77,1.56,0.0063,4.41,2945000000,4.41,0.205,0.107,56.5,1.505,2022-12-31,871200000,4937400000,4066200000,1056000000,1897500000,1108700000,696200000,11547900000,7574600000,967200000,3956500000,757100000,624500000,700200000,194200000
173,EQIX,80341656000,2769468000,91.82,3.827,126.61,13.33,0.0199,9.32,2971686000,9.32,0.274,0.165,91.82,0.587,2022-12-31,3528139000,7279640000,3751501000,1200528000,2690749000,1185474000,704345000,30310742000,18804910000,161267000,11505966000,2963182000,2278004000,704577000,1151459000
174,EQR,22454030000,1760607000,26.75,2.804,29.13,2.65,0.045,2.2,1752599000,2.2,0.957,0.04,26.75,0.857,2022-12-31,2199831000,2754656000,554825000,1116046000,71160000,1116046000,776911000,20218262000,8517310000,130000000,11173439000,1454756000,222391000,806995000,952507000
175,ESS,15242405000,1082128000,36.36,3.013,84.46,9.24,0.0402,6.32,1122739000,6.32,-0.644,0.035,36.36,0.818,2022-12-31,725054000,1606814000,881760000,595229000,598028000,595229000,408315000,12372905000,6450639000,None,5716372000,975649000,49583000,432985000,565924000
176,EL,50462274000,1818000000,111.12,7.52,15.94,2.64,0.0184,1.29,13432000000,1.29,-0.202,-0.074,111.12,1.067,2023-06-30,11346000000,15699000000,15157000000,1509000000,9837000000,1509000000,1010000000,23415000000,17830000000,997000000,5585000000,1731000000,3289000000,1010000000,925000000
177,ETSY,9350964000,428432000,31.62,6.91,-5.2,None,None,2.47,1821519000,2.47,-0.122,0.07,31.62,2.054,2022-12-31,1821519000,2566111000,744592000,-658560000,2480079000,-647820000,-694288000,2634961000,3182235000,4731000,-547274000,683612000,30743000,-694278000,None
178,EG,15384492000,None,5.88,-50,304.19,6.8,0.0198,60.17,852900000,60.17,0.466,0.136,5.88,0.571,2022-12-31,-6668000000,12060000000,18728000000,-9980000000,3210000000,643000000,597000000,39966000000,31526000000,None,8441000000,3695000000,None,597000000,255000000
179,EVRG,11274707000,2276900000,16.58,2.633,42.44,2.45,0.0529,2.96,2634100000,2.96,-0.178,-0.126,16.58,0.564,2022-12-31,4468500000,5859100000,1390600000,1267200000,1406700000,1204200000,752700000,29489900000,20006200000,1777100000,9483700000,1801900000,2166500000,765000000,534800000
180,ES,19205943000,3785936000,16.46,1.87,44.91,2.663,0.052,3.34,5409934000,3.34,-0.03,-0.132,16.46,0.58,2022-12-31,10672817000,12289300000,1616483000,2198200000,10091182000,2544248000,1412400000,53230900000,37757742000,1323929000,15473158000,2401293000,3441852000,1412394000,867552000
181,EXC,33685588000,6947000000,15.74,2.414,25.59,1.418,0.0426,2.15,8114000000,2.15,0.029,0.234,15.74,0.604,2022-12-31,13552000000,19078000000,5526000000,3315000000,15761000000,3315000000,2170000000,95349000000,70605000000,4388000000,24744000000,4870000000,7147000000,2171000000,1334000000
182,EXPE,22142120000,1632000000,24.69,0.268,11.19,None,None,5.31,10010000000,5.31,-0.165,0.103,24.69,1.904,2023-12-31,3727000000,12534000000,8807000000,1033000000,7209000000,1372000000,797000000,21642000000,20108000000,None,1534000000,2690000000,846000000,688000000,None
183,EXPD,18516742000,1126537000,23.85,1.57,17.12,1.36,0.0108,5.34,2275468000,5.34,-0.543,-0.498,23.85,1.018,2022-12-31,2179282000,17046391000,14867109000,1824371000,567341000,1855962000,1357399000,5590434000,2480413000,None,3110021000,2129675000,86824000,1360605000,215744000
184,EXR,31347171000,1596163000,27.0,14.78,68.81,6.36,0.0452,5.31,1515898000,5.31,-0.416,0.496,27.0,0.755,2022-12-31,1488828000,1924170000,435342000,1050402000,456132000,1050402000,860688000,12167458000,8089184000,None,3259597000,1238139000,1376342000,921156000,863104000
185,XOM,412864578000,67888001000,11.45,1.689,51.57,3.68,0.0373,8.89,133715000000,8.89,-0.381,-0.131,11.45,0.96,2022-12-31,402359000000,413680000000,11321000000,390705000000,11654000000,76714000000,55740000000,369067000000,166594000000,634000000,195049000000,76797000000,18407000000,57577000000,15206000000
186,FFIV,10973825000,725488000,24.33,1.721,48.66,None,None,7.67,2219861000,7.67,0.933,-0.011,24.33,1.114,2023-09-30,2219861000,2827869000,1832871000,472568000,1747293000,472568000,394948000,5248333000,2888238000,None,2800232000,653409000,54184000,394948000,None
187,FDS,18189683000,779315000,38.61,2.529,44.69,3.83,0.0082,12.37,1112283000,12.37,0.091,0.074,38.61,0.753,2023-08-31,475624000,2019225000,1543601000,629207000,837776000,629207000,468173000,3962922000,2342992000,None,1619930000,645573000,60786000,468173000,138601000
188,FICO,32899459000,666532000,74.08,2.804,-29.17,None,None,17.87,1202504000,17.87,0.25,0.108,74.08,1.232,2023-09-30,1106181000,1417234000,311053000,642830000,570696000,649170000,429375000,1575281000,2263271000,50000000,-687990000,468915000,4237000,429375000,407000000
189,FAST,40067756000,1706000000,34.66,3.615,5.86,1.4,0.0223,2.02,3215800000,2.02,0.084,0.037,34.66,1.037,2023-12-31,3354500000,7340200000,5828700000,1528700000,1834400000,1532800000,1155000000,4462900000,1114100000,60000000,3348800000,1432700000,172800000,1155000000,1016800000
190,FRT,8395479000,698789000,29.4,8.25,33.35,4.33,0.0431,3.44,730580000,3.44,-0.646,0.046,29.4,1.243,2022-12-31,364224000,1074378000,710154000,526408000,711827000,526408000,385491000,8233991000,5021606000,None,2954012000,516769000,438494000,395661000,347284000
191,FDX,60629037000,11092000000,14.39,0.845,107.11,4.93,0.0208,16.86,24396000000,16.86,-0.133,0.139,14.39,1.211,2023-05-31,49408000000,89461000000,40053000000,4912000000,15346000000,6057000000,3972000000,87143000000,61055000000,126000000,26088000000,8848000000,6174000000,3972000000,1177000000
192,FIS,36591809000,3701000000,None,1.288,34.23,2.03,0.0337,-27.76,5708000000,-27.76,0.202,0.031,-,0.956,2022-12-31,5708000000,14228000000,32817000000,-16119000000,23944000000,-16043000000,-16720000000,63278000000,35872000000,5885000000,27218000000,3939000000,1453000000,-16708000000,1138000000
193,FITB,22919856000,None,10.45,3.691,25.04,1.36,0.0404,3.22,7823000000,3.22,-0.288,-0.016,10.45,1.291,2022-12-31,3102000000,8384000000,5282000000,1192000000,1615000000,4071000000,2446000000,207452000000,190125000000,5226000000,17327000000,6428000000,348000000,2446000000,927000000
194,FSLR,16186866000,737442000,34.28,1.576,58.99,None,None,4.42,127658000,4.42,2.058,0.274,34.28,1.412,2022-12-31,69858000,2619319000,2549461000,-27236000,350605000,20823000,-44166000,8251228000,2415173000,None,5836055000,873369000,903605000,-44166000,None
195,FE,21409038000,3556000000,39.27,2.421,18.25,1.56,0.044,0.95,8231000000,0.95,0.196,0.003,39.27,0.482,2022-12-31,10573000000,12459000000,1886000000,1910000000,4973000000,2445000000,406000000,46108000000,35465000000,451000000,10166000000,2683000000,2756000000,439000000,891000000
196,FI,86564823000,7250000000,28.96,0.964,49.54,None,None,4.98,9745000000,4.98,0.179,0.062,28.96,0.906,2022-12-31,7720000000,17737000000,10017000000,3740000000,9963000000,3827000000,2530000000,83869000000,52181000000,468000000,30828000000,4618000000,1479000000,2582000000,42000000
197,FLT,19740600000,1993477000,20.7,1.181,45.55,None,None,13.21,2662422000,13.21,0.144,0.061,20.7,1.26,2022-12-31,2146101000,3427100000,1280999000,1446641000,1412095000,1446641000,954327000,14089260000,11547767000,2314056000,2541493000,754797000,151428000,954327000,None
198,FMC,6492451000,952200000,4.576,1.846,35.5,2.32,0.0448,11.31,2326800000,11.31,3.082,-0.293,4.576,0.876,2022-12-31,2326800000,5573700000,4331100000,1144300000,1246100000,1033500000,736500000,11171300000,7793400000,540800000,3377900000,1114500000,142300000,741500000,267500000
199,F,50981716000,11817000000,11.74,0.722,10.76,0.6,0.0473,1.08,17215000000,1.08,1.938,0.045,11.74,1.643,2023-12-31,13823000000,176191000000,162368000000,5458000000,22012000000,11598000000,4347000000,273310000000,230512000000,None,42773000000,14918000000,8236000000,4329000000,4995000000
200,FTNT,54091583000,1349900000,48.25,1.907,-0.606,None,None,1.46,3332500000,1.46,0.018,0.103,48.25,1.094,2022-12-31,3332500000,4313600000,2963300000,969600000,2362900000,906100000,857300000,6228000000,6509600000,None,-281600000,1730600000,281200000,856600000,None
201,FTV,29002889000,1590500000,34.03,1.423,29.42,0.29,0.0039,2.43,3363400000,2.43,0.177,0.035,34.03,1.174,2022-12-31,3363400000,5709200000,4800900000,987400000,2754100000,987400000,755200000,15890600000,6207200000,999700000,9683400000,1303200000,95800000,755200000,99500000
202,FOXA,13158072000,2754000000,17.41,17.45,21.52,0.51,0.0175,1.71,5224000000,1.71,-0.608,-0.081,17.41,0.822,2023-06-30,12342000000,14913000000,2571000000,604000000,11738000000,2071000000,1239000000,21866000000,11488000000,1249000000,10378000000,1800000000,357000000,1253000000,299000000
203,FOX,13160491000,2754000000,16.05,16.08,21.52,0.51,0.0189,1.71,5224000000,1.71,-0.608,-0.081,16.05,0.822,2023-06-30,12342000000,14913000000,2571000000,604000000,11738000000,2071000000,1239000000,21866000000,11488000000,1249000000,10378000000,1800000000,357000000,1253000000,299000000
204,BEN,14269723000,1890600000,14.26,39.7,24.26,1.21,0.0458,1.9,3140100000,1.9,0.55,0.012,14.26,1.434,2023-09-30,1943700000,7724000000,5780300000,1102300000,6747100000,1318800000,882800000,30121200000,16547300000,None,11916900000,1138700000,148800000,1103400000,607300000
205,FCX,54663283000,8360000000,29.19,0.2,11.56,0.6,0.0161,1.28,9710000000,1.28,-0.444,0.026,29.19,2.059,2022-12-31,7691000000,22780000000,15089000000,7037000000,1154000000,7037000000,3468000000,51093000000,26222000000,1037000000,15555000000,5139000000,3469000000,4479000000,1706000000
206,GRMN,23585372000,1192613000,22.74,1.976,33.17,2.92,0.0237,5.42,2806775000,5.42,0.229,0.12,22.74,0.981,2022-12-31,2806775000,4851095000,2860035000,1027845000,1778930000,1027845000,973585000,7731170000,1526830000,None,6204340000,788259000,246193000,973585000,679096000
207,IT,36525375000,1328779000,39.86,1.99,7.21,None,None,11.63,3782075000,11.63,-0.176,0.054,39.86,1.303,2022-12-31,1058068000,5479129000,4421061000,1100106000,2726890000,1153398000,807799000,7299736000,7071938000,7800000,227798000,1101422000,108050000,807799000,None
208,GEHC,37038735000,3560000000,26.76,19.13,15.66,0.12,0.0015,3.04,7179000000,3.04,-0.279,0.054,26.76,None,2023-12-31,7922000000,18952000000,4316000000,2435000000,5487000000,2435000000,1568000000,32454000000,25144000000,1006000000,7133000000,4237000000,387000000,1614000000,41000000
209,GEN,13598029000,1858000000,9.66,5.06,3.796,0.5,0.024,2.21,2388000000,2.21,-0.12,0.016,9.66,1.131,2023-03-31,2749000000,3338000000,589000000,1227000000,1522000000,1227000000,1349000000,15947000000,13747000000,233000000,2200000000,757000000,6000000,1349000000,314000000
210,GNRC,7810409000,507715000,50.16,1.806,38.52,None,None,2.53,1522004000,2.53,0.169,-0.016,50.16,1.45,2022-12-31,1522004000,4496168000,3851931000,566330000,955674000,553924000,399502000,5169462000,2799736000,61723000,2257381000,58516000,86188000,408870000,309000
211,GD,74012959000,4570000000,22.47,1.649,77.97,5.28,0.0195,12.02,6622000000,12.02,0.014,0.075,22.47,0.677,2023-12-31,38982000000,42272000000,3290000000,4245000000,3290000000,4383000000,3315000000,54810000000,33511000000,507000000,21299000000,4710000000,904000000,3315000000,1400000000
212,GE,151582605000,7877000000,17.45,1.614,25.15,0.32,0.0023,7.98,18536000000,7.98,-0.232,0.154,17.45,1.186,2023-12-31,57663000000,67954000000,10291000000,45321000000,12342000000,45321000000,9481000000,163045000000,134466000000,1253000000,27378000000,5179000000,1595000000,9443000000,589000000
213,GIS,36379066000,4090500000,15.17,1.802,16.49,2.26,0.0379,4.11,6545800000,4.11,0.01,-0.016,15.17,0.145,2023-05-28,6545800000,1957400000,-4588400000,3433800000,3369600000,3588200000,2593900000,31451700000,20751700000,1740800000,10449600000,2778600000,689500000,2609600000,1287900000
214,GM,44618932000,15783999000,5.27,0.719,53.57,0.36,0.0124,7.32,21154000000,7.32,0.135,-0.003,5.27,1.5,2023-12-31,169348000000,171842000000,2494000000,9298000000,162544000000,9298000000,10127000000,273064000000,204757000000,None,64286000000,20930000000,10970000000,9840000000,597000000
215,GPC,20073404000,2044762000,16.16,1.484,29.85,3.745,0.0265,8.86,7740104000,8.86,0.132,0.026,16.16,0.947,2022-12-31,7740104000,22227692000,20560045000,1614199000,6125905000,1646489000,1182701000,16495379000,12705016000,252029000,3790363000,3034525000,339632000,1182701000,495917000
216,GILD,91957838000,12566332000,16.37,0.416,18.26,3,0.0418,4.5,21624000000,4.5,-0.123,-0.037,16.37,0.213,2022-12-31,10407000000,26413000000,16006000000,7330000000,16094000000,6775000000,4592000000,63171000000,41931000000,2273000000,21240000000,9072000000,728000000,4566000000,3709000000
217,GPN,35576922000,3828990000,41.46,0.194,86.19,1,0.0074,3.28,5228998000,3.28,0.324,0.083,41.46,1,2022-12-31,-282780000,8338021000,8620801000,640151000,5056278000,640151000,111493000,44809014000,22268804000,1169330000,22303506000,2244040000,615652000,143313000,273955000
218,GL,11853310000,1317582000,12.49,None,41.9,0.9,0.0071,10.08,1350660000,10.08,0.345,0.07,12.49,0.695,2022-12-31,982859000,5214906000,4232047000,990666000,661470000,996706000,739704000,25927141000,21977564000,614603000,3949577000,1422194000,27929000,739704000,80547000
219,GS,125566190000,None,16.81,3.041,298.5,10.5,0.0286,22.86,37530000000,22.86,0.648,0.116,16.81,1.424,2022-12-31,19783000000,68711000000,33879000000,11795000000,7988000000,34832000000,11261000000,1441799000000,1324610000000,152927000000,117189000000,8708000000,3748000000,11261000000,3682000000
220,HAL,31180265000,5081000000,11.82,1.022,10.56,0.64,0.0197,2.92,3243000000,2.92,0.013,0.028,11.82,2.022,2023-12-31,22764000000,23020000000,256000000,4083000000,664000000,4083000000,2638000000,24683000000,15250000000,0,9391000000,3458000000,1379000000,2662000000,576000000
221,HIG,27106785000,3815666000,11.39,1.41,50.23,1.745,0.0207,7.97,7379000000,7.97,0.393,0.061,11.39,0.869,2022-12-31,-10813000000,22362000000,33175000000,-15869000000,5056000000,2471000000,1815000000,73008000000,59332000000,None,13676000000,4008000000,175000000,1815000000,527000000
222,HAS,7031201000,927500000,None,1.448,15.84,2.8,0.0553,-4.02,2915700000,-4.02,-0.492,-0.103,-,0.704,2022-12-31,1399500000,5856700000,4457200000,407700000,2853300000,433000000,203500000,9295900000,6434000000,255600000,2861900000,372900000,174200000,203000000,385300000
223,HCA,81989919000,12704000000,16.16,1.375,-6.54,2.4,0.0086,18.96,23177000000,18.96,-0.186,0.117,16.16,1.66,2022-12-31,31963000000,60233000000,28270000000,20223000000,10439000000,9130000000,5643000000,52438000000,55205000000,501000000,-2767000000,8522000000,4395000000,6834000000,653000000
224,PEAK,9843363000,1164871000,30.96,3.191,11.61,0,0.0692,0.56,1194700000,0.56,126.35,0.056,30.96,1.026,2023-12-31,413996000,2181003000,1767007000,-488064000,902060000,496723000,306009000,15698850000,8773980000,None,6350446000,956242000,774561000,334757000,657021000
225,HSIC,9733694000,1072000000,21.81,1.742,28.1,None,None,3.38,3831000000,3.38,-0.037,0.031,21.81,0.846,2022-12-31,3831000000,12603000000,11954000000,747000000,3143000000,752000000,538000000,8607000000,3936000000,109000000,3446000000,602000000,96000000,566000000,None
226,HSY,41372074000,3044288000,21.55,3.135,20.02,4.456,0.028,9.07,4498547000,9.07,-0.115,0.002,21.55,0.356,2022-12-31,4498785000,10318574000,8247668000,2260787000,2374102000,2057166000,1644817000,10948820000,7649276000,1447368000,3299544000,2327837000,519481000,1644817000,775030000
227,HES,44928078000,5102000000,31.64,0.29,29.18,1.75,0.0123,4.49,7741000000,4.49,-0.167,0.025,31.64,1.288,2022-12-31,10951000000,11570000000,619000000,8427000000,1882000000,3688000000,2096000000,21695000000,13199000000,24000000,7855000000,3944000000,2725000000,2447000000,465000000
228,HPE,20150006000,5116000000,10.05,1.157,16.51,0.48,0.0336,1.54,10239000000,1.54,0.129,-0.066,10.05,1.217,2023-10-31,22940000000,29135000000,6195000000,2089000000,7785000000,2939000000,2025000000,57153000000,35971000000,4868000000,21182000000,4428000000,2828000000,2036000000,619000000
229,HLT,49057870000,2413000000,44.48,1.3,-9.31,0.6,0.0031,4.32,2737000000,4.32,-0.525,0.071,44.48,1.265,2023-12-31,9642000000,10235000000,593000000,2225000000,593000000,2146000000,1141000000,15401000000,17748000000,39000000,-2360000000,1946000000,247000000,1151000000,158000000
230,HOLX,17238718000,1247400000,34.81,1.565,19.84,None,None,2.11,2481400000,2.11,0.373,-0.057,34.81,1.018,2023-09-30,2071500000,4030400000,1958900000,668400000,1403100000,787200000,456000000,9139300000,4122400000,290100000,5016900000,1051200000,150200000,456000000,None
231,HD,361996616000,25472000000,23.25,2.256,1.436,8.36,0.023,15.62,52778000000,15.62,-0.101,-0.03,23.25,0.981,2023-01-29,52778000000,157403000000,104625000000,24039000000,28739000000,24094000000,17105000000,76445000000,74883000000,1231000000,1562000000,14615000000,3119000000,17105000000,7789000000
232,HON,128448463000,8260000000,23.0,1.944,25.03,4.17,0.0223,8.47,11641000000,8.47,0.268,0.028,23.0,1.044,2022-12-31,5505000000,35397000000,29892000000,-2382000000,7887000000,6399000000,4966000000,62275000000,45578000000,4447000000,16697000000,5274000000,766000000,4967000000,2719000000
233,HRL,16115368000,1310985000,20.04,4.271,14.15,1.1,0.0389,1.45,1999841000,1.45,-0.297,-0.026,20.04,0.231,2023-10-29,1999841000,12036608000,11106699000,1072046000,1030230000,1087526000,793572000,13448772000,5713887000,959126000,7734885000,1047847000,270211000,792920000,592932000
234,HST,14008472000,1465000000,18.65,1.139,9.74,0.57,0.0332,1.05,1530000000,1.05,-0.019,0.019,18.65,1.326,2022-12-31,3673000000,4752000000,1079000000,775000000,736000000,815000000,633000000,12269000000,5390000000,413000000,6710000000,1416000000,805000000,643000000,150000000
235,HWM,24362891000,1398000000,38.05,0.803,9.27,0.16,0.0031,1.54,1596000000,1.54,1.368,0.157,38.05,1.232,2022-12-31,728000000,5433000000,4705000000,919000000,725000000,835000000,469000000,10255000000,6654000000,0,3601000000,733000000,193000000,469000000,44000000
236,HPQ,28161436000,5074000000,8.72,3.078,-1.081,1.05,0.0388,3.26,11508000000,3.26,-0.296,-0.065,8.72,1.056,2023-10-31,11508000000,53718000000,42210000000,3456000000,7967000000,3456000000,3263000000,37004000000,38073000000,230000000,-1069000000,3571000000,609000000,3263000000,1037000000
237,HUBB,19467137000,1189300000,25.84,2.242,53.55,4.58,0.0134,14.05,1481500000,14.05,0.633,0.103,25.84,0.918,2023-12-31,1888100000,5333700000,4413300000,1038500000,931300000,1038500000,759800000,6914000000,4024700000,117400000,2877000000,1659300000,165700000,766000000,245500000
238,HUM,45257101000,5471000000,18.51,1.533,133.05,3.54,0.0096,20,17180000000,20,-0.285,0.179,18.51,0.466,2022-12-31,79874000000,92870000000,12996000000,3800000000,12763000000,3969000000,2806000000,43055000000,27685000000,2092000000,15311000000,4587000000,1120000000,2802000000,392000000
239,HBAN,17973651000,None,10.01,2.794,11.71,0.62,0.05,1.24,6956000000,1.24,-0.646,-0.145,10.01,1.128,2022-12-31,3255000000,7456000000,4201000000,1628000000,1627000000,3449000000,2238000000,182906000000,165137000000,2027000000,17731000000,4027000000,214000000,2249000000,1010000000
240,HII,10843893000,1119000000,16.06,3.723,103.31,5.02,0.019,17.06,1440000000,17.06,1.249,0.13,16.06,0.579,2023-12-31,10304000000,11454000000,1150000000,781000000,1191000000,948000000,681000000,11215000000,7122000000,231000000,4093000000,970000000,278000000,681000000,200000000
241,IBM,170150593000,13777000000,22.89,4.306,24.63,6.63,0.0356,8.14,32688000000,8.14,0.197,0.041,22.89,0.716,2022-12-31,32687000000,60530000000,27842000000,6408000000,26279000000,2229000000,1639000000,127243000000,105222000000,9511000000,21944000000,10435000000,1346000000,1639000000,5948000000
242,IEX,17257740000,897100000,29.07,2.35,46.84,2.56,0.0112,7.85,1435400000,7.85,-0.161,-0.027,29.07,0.952,2022-12-31,1426900000,3181900000,1755000000,751400000,803200000,790300000,586900000,5511900000,2472300000,0,3039300000,557400000,68000000,586700000,177400000
243,IDXX,47639286000,1210689000,56.82,5.65,17.87,None,None,10.07,2004338000,10.07,0.126,0.088,56.82,1.253,2022-12-31,2004338000,3367324000,1362986000,898765000,1219665000,899830000,679089000,2746765000,2138028000,74982000,608737000,542984000,158838000,679089000,None
244,ITW,76951601000,4434666000,26.26,2.883,10.04,5.42,0.0219,9.74,6503000000,9.74,-0.192,0.003,26.26,1.159,2023-12-31,6358000000,15803000000,9445000000,4040000000,418000000,4040000000,2957000000,15518000000,13239000000,1825000000,3012000000,3539000000,455000000,2957000000,1615000000
245,ILMN,22760829000,452000000,None,3.786,36.36,None,None,-7.35,3145000000,-7.35,-0.965,0.036,-,1.219,2022-12-31,3154000000,4526000000,1372000000,-123000000,3277000000,945000000,762000000,12252000000,5653000000,1248000000,6599000000,392000000,466000000,-4404000000,None
246,INCY,12922124000,626796000,30.67,0.332,22.0,None,None,1.88,1593729000,1.88,0.52,0.116,30.67,0.669,2022-12-31,3187638000,3394635000,206997000,579440000,2612676000,531782000,340660000,5840984000,1470865000,3179000,4370119000,969941000,77833000,340660000,None
247,IR,34772062000,1614700000,46.68,1.036,23.6,0.06,0.0009,1.84,2325600000,1.84,0.452,0.147,46.68,1.431,2022-12-31,2325600000,5916300000,3590700000,817300000,1575300000,857500000,604700000,14765900000,5508700000,36500000,9195800000,1832200000,94600000,608500000,32400000
248,PODD,13730895000,157700000,112.6,0.568,8.7,None,None,1.71,805600000,1.71,-0.15,0.27,112.6,1.04,2022-12-31,805600000,1305300000,499700000,37600000,779400000,46300000,4600000,2251100000,1774700000,27500000,476400000,119000000,157300000,4600000,None
249,INTC,183114678000,9633000000,108.28,0.508,24.97,0.74,0.0115,0.4,26866000000,0.4,-0.717,0.097,108.28,1.018,2023-12-31,21711000000,53879000000,39844000000,93000000,21618000000,1654000000,1689000000,191572000000,85982000000,2288000000,105590000000,11471000000,25750000000,1675000000,3088000000
250,ICE,77583745000,4896000000,32.34,1.234,44.88,1.68,0.0133,4.19,7292000000,4.19,-0.147,0.245,32.34,1.019,2023-12-31,5441000000,9079000000,3638000000,3694000000,4294000000,3632000000,2368000000,136084000000,110298000000,3908000000,25717000000,3542000000,489000000,2438000000,955000000
251,IFF,20552495000,1747000000,1332.33,16.19,66.51,3.24,0.0405,0.06,4151000000,0.06,-0.743,-0.079,1332.33,1.242,2022-12-31,4151000000,12118000000,14345000000,-1326000000,6664000000,-1326000000,-1871000000,35504000000,17849000000,410000000,17655000000,397000000,506000000,-1864000000,810000000
252,IP,12200559000,2640000000,41,0.39,24.12,1.85,0.0525,0.86,6018000000,0.86,-0.821,-0.104,41,0.969,2022-12-31,25582000000,42080000000,16498000000,24095000000,1487000000,1671000000,1504000000,23940000000,14506000000,763000000,8497000000,2174000000,931000000,1504000000,673000000
253,IPG,12179524000,1795700000,10.8,3.182,9.61,1.24,0.0429,2.85,2125900000,2.85,0.611,0.014,10.8,1.146,2022-12-31,-4877100000,10927800000,15804900000,1381200000,9546600000,1431100000,938000000,18845000000,15100700000,44900000,3647900000,608800000,178100000,956100000,457300000
254,INTU,184242668000,4000000000,72.01,2.293,60.66,3.24,0.0055,9.14,11388000000,9.14,-0.185,0.41,72.01,1.232,2023-07-31,8660000000,14368000000,5708000000,3141000000,8084000000,3141000000,2384000000,27780000000,10511000000,None,17269000000,5046000000,260000000,2384000000,889000000
255,ISRG,136780005000,2169000000,77.49,5.7,37.77,None,None,5.01,4196000000,5.01,0.857,0.165,77.49,1.372,2023-12-31,4729500000,7616100000,4378700000,1766800000,2962700000,1766800000,1798000000,15441500000,2044200000,None,13307600000,1813800000,1064200000,1817300000,None
256,IVZ,7152408000,905600000,None,8.14,32.48,0.8,0.0503,-0.73,1897800000,-0.73,-0.253,-0.021,-,1.454,2022-12-31,3535900000,5965300000,2429400000,1317700000,4731200000,1091300000,683900000,29756800000,12914600000,None,15213600000,703200000,192900000,925500000,571600000
257,INVH,20237451000,1342328000,40.83,5.7,16.73,1.04,0.0339,0.81,1354228000,0.81,0.623,0.079,40.83,0.943,2022-12-31,1258436000,2238121000,979685000,1153038000,105398000,687571000,383329000,18536708000,8213077000,None,10291342000,1023587000,895147000,384799000,539033000
258,IQV,39821500000,2715000000,36.61,1.891,31.81,None,None,5.96,5028000000,5.96,0.094,0.049,36.61,1.485,2022-12-31,1553000000,14004000000,12451000000,1799000000,3059000000,1767000000,1091000000,25337000000,19572000000,157000000,5765000000,2260000000,674000000,1091000000,None
259,IRM,20039274000,1791605000,73.01,1.08,0.899,2.506,0.0379,0.94,2914454000,0.94,-0.53,0.079,73.01,0.92,2022-12-31,1091378000,4712394000,3621016000,1049871000,1337396000,1049871000,556981000,16140514000,15503846000,87546000,636668000,927695000,1757609000,562149000,724388000
260,JBHT,22252167000,1717860000,30.97,6.66,39.76,1.68,0.008,6.96,2577787000,6.96,-0.235,-0.095,30.97,1.119,2022-12-31,9199979000,14788173000,5588194000,1332000000,834939000,1332622000,969351000,7787000000,4119814000,None,3666768000,1776882000,1540796000,969351000,166724000
261,JBL,17827105000,2513000000,23.77,0.91,19.7,0.32,0.0023,5.88,2867000000,5.88,-0.087,-0.13,23.77,1.4,2023-08-31,2867000000,34496000000,33220000000,1537000000,1419000000,1537000000,818000000,19424000000,16557000000,74000000,2866000000,1734000000,1030000000,818000000,45000000
262,JKHY,12819614000,557190000,34.5,3.554,23.67,2.08,0.0118,5.1,858640000,5.1,0.145,0.08,34.5,0.657,2023-06-30,852526000,2071588000,1219062000,480688000,373437000,489647000,366646000,2773826000,1165316000,None,1608510000,381559000,206984000,366646000,147237000
263,J,18284734000,1482252000,25.89,1.419,53.17,1.04,0.008,5.62,3499811000,5.62,0.283,0.095,25.89,0.728,2023-09-30,3473315000,16377419000,15567293000,1075237000,2691205000,1030066000,665777000,14617109000,128900000,51773000,6546220000,974763000,137486000,719656000,151576000
264,JNJ,377365234000,29532998000,30.15,5.77,29.59,4.7,0.0304,5.2,63954000000,5.2,0.262,-0.097,30.15,0.535,2021-12-31,63854000000,94943000000,31089000000,23917000000,40151000000,22001000000,17941000000,187378000000,110574000000,12800000000,76804000000,23410000000,3652000000,20878000000,11032000000
265,JCI,37823087000,3665000000,20.63,1.07,24.5,1.47,0.0267,2.69,8971000000,2.69,2.232,0.004,20.63,1.233,2023-09-30,8971000000,26703000000,25690000000,833000000,8138000000,833000000,1849000000,42242000000,25697000000,1030000000,16545000000,4438000000,539000000,2033000000,1129000000
266,JPM,503451222000,None,10.79,3.011,104.45,4.1,0.024,16.22,122306000000,16.22,-0.15,0.11,10.79,1.122,2022-12-31,46166000000,128695000000,82529000000,17761000000,28405000000,72263000000,37676000000,3665743000000,3373411000000,44027000000,292332000000,107119000000,None,37676000000,13562000000
267,JNPR,11920216000,762800000,38.98,1.185,14.03,0.88,0.0238,0.95,2958300000,0.95,-0.307,-0.058,38.98,0.992,2023-12-31,3201900000,5484500000,4046700000,470100000,2731800000,419400000,310200000,9518500000,5025800000,None,4492700000,872800000,159400000,310200000,280800000
268,K,18818050000,1986000000,23.77,4.537,9.31,2.34,0.0419,2.25,4625000000,2.25,-0.133,-0.172,23.77,0.41,2022-12-31,1624000000,15315000000,13691000000,1635000000,3122000000,1635000000,960000000,18496000000,14555000000,1560000000,3941000000,1651000000,488000000,962000000,797000000
269,KVUE,37016953000,3641000000,21.48,None,5.69,0.4,0.0414,0.9,8340000000,0.9,-0.328,-0.027,21.48,None,2023-12-31,8285000000,14950000000,6665000000,2675000000,5617000000,2703000000,2087000000,27316000000,7295000000,None,20021000000,None,0,None,None
270,KDP,43558289000,3930000000,22.74,1.09,18.14,0.815,0.0273,1.37,7332000000,1.37,1.911,0.051,22.74,0.67,2022-12-31,7323000000,13190000000,12315000000,2605000000,5209000000,2413000000,1436000000,51837000000,26712000000,895000000,25126000000,2837000000,379000000,1435000000,1080000000
271,KEY,13008873000,None,15.78,9.02,12.96,0.82,0.059,0.88,6743000000,0.88,-0.921,-0.121,15.78,1.296,2022-12-31,2360000000,7272000000,4912000000,897000000,1456000000,3224000000,1917000000,189813000000,176359000000,9463000000,13454000000,4469000000,96000000,1917000000,854000000
272,KEYS,28212537000,1591000000,27.33,3.445,26.7,None,None,5.91,3532000000,5.91,-0.231,-0.091,27.33,1.075,2023-10-31,2123000000,5464000000,3341000000,1358000000,2291000000,1358000000,1057000000,8683000000,4029000000,599000000,4654000000,1408000000,196000000,1057000000,None
273,KMB,40516985000,3619000000,23.0,2.071,2.715,4.72,0.0407,5.21,6219000000,5.21,0.007,0.001,23.0,0.42,2023-12-31,7032000000,20400000000,13368000000,2344000000,2001000000,2510000000,1764000000,17344000000,16429000000,567000000,915000000,3542000000,766000000,1764000000,1588000000
274,KIM,13500226000,1074629000,19.69,3.896,15.37,0.93,0.0478,1.02,1196777000,1.02,1.25,0.027,19.69,1.46,2022-12-31,1081192000,1727684000,646492000,565464000,1177399000,409453000,125976000,17826122000,8086280000,None,9515508000,861114000,300437000,114534000,542267000
275,KMI,36964725000,6491999000,15.67,1.566,13.64,1.13,0.068,1.06,7290000000,1.06,-0.097,-0.118,15.67,0.888,2022-12-31,8968000000,19200000000,10232000000,4065000000,3292000000,4065000000,2548000000,70078000000,37964000000,3385000000,30742000000,4967000000,1621000000,2625000000,2620000000
276,KLAC,87875052000,3944563000,32.9,2.814,22.5,5.35,0.0089,19.75,5619442000,19.75,-0.379,-0.167,32.9,1.328,2023-06-30,5995991000,10214298000,4218307000,3408319000,2557985000,4086056000,3387277000,14072357000,11152604000,0,2919753000,3669805000,341591000,3387351000,732600000
277,KHC,44769341000,6487000000,14.86,0.744,40.16,1.6,0.0445,2.42,8235000000,2.42,-0.4,0.01,14.86,0.65,2022-12-31,8122000000,25743000000,24019000000,3634000000,5893000000,3882000000,2363000000,90513000000,41643000000,837000000,48678000000,2469000000,916000000,2368000000,1960000000
278,KR,32690614000,7819000000,17.67,1.72,12.34,1.1,0.0255,2.57,32808000000,2.57,-0.882,-0.006,17.67,0.451,2023-01-28,29848000000,147723000000,117875000000,4126000000,1394000000,3432000000,2244000000,49623000000,39609000000,1310000000,10042000000,4498000000,3078000000,2249000000,682000000
279,LHX,39773073000,3047000000,32.58,3.622,99.31,4.56,0.0217,6.44,4927000000,6.44,-0.617,0.166,32.58,0.662,2022-12-31,480000000,16777000000,16297000000,1826000000,4160000000,1826000000,1062000000,35362000000,16831000000,943000000,18428000000,2158000000,252000000,1061000000,864000000
280,LH,18915719000,2127800000,22.95,3.122,92.73,2.88,0.0129,9.7,4385100000,9.7,-0.459,0.066,22.95,1.023,2022-12-31,4385100000,14876800000,10491700000,1773900000,2669400000,1761400000,1279100000,20155100000,10039600000,301300000,10096600000,1955900000,481900000,1280600000,195200000
281,LRCX,119510876000,4386708000,35.2,3.203,62.63,7.45,0.0088,25.9,7871807000,25.9,-0.33,-0.288,35.2,1.504,2023-06-30,7776925000,17234976000,10947092000,5174860000,2602065000,5295672000,4510931000,18781643000,10571471000,8358000,8210172000,5178938000,501568000,4510931000,907907000
282,LW,14564289000,1380200000,13.08,3.267,11.55,1.12,0.0143,7.71,832000000,7.71,1.085,0.357,13.08,0.721,2023-05-28,1432100000,5371000000,4476500000,882100000,575200000,882100000,1008900000,6519800000,5346700000,215900000,1411300000,761700000,736000000,1008900000,146100000
283,LVS,40409158000,3548000000,33.51,1.34,5.47,0.6,0.0112,1.6,2585000000,1.6,-0.943,1.61,33.51,1.164,2023-12-31,8042000000,10372000000,2330000000,2313000000,2539000000,2383000000,1221000000,21778000000,17674000000,1900000000,4118000000,5109000000,1017000000,1431000000,305000000
284,LDOS,15611056000,1572000000,107.1,2.34,30.15,1.44,0.0134,1.06,2084000000,1.06,0.21,0.087,107.1,0.688,2022-12-31,2084000000,14396000000,12312000000,1088000000,1332000000,1088000000,685000000,13071000000,8718000000,992000000,4299000000,986000000,129000000,693000000,199000000
285,LEN,42674065000,5595761000,11.14,1.293,94.61,1.5,0.0131,13.73,8199698000,13.73,0.058,0.078,11.14,1.522,2023-11-30,33889846000,34233366000,343520000,33546326000,336505000,5177873000,3938511000,39234303000,12532337000,None,26580664000,5179738000,99799000,3961291000,430560000
286,LIN,203372560000,12044000000,33.31,2.676,82.03,5.1,0.0123,12.59,13914000000,12.59,0.183,0.051,33.31,0.93,2022-12-31,5730000000,33283000000,27553000000,5369000000,8655000000,5369000000,4147000000,79658000000,38271000000,5716000000,40028000000,8864000000,3173000000,4281000000,2344000000
287,LYV,20620997000,1591713000,59.69,0.842,0.971,None,None,1.5,4343730000,1.5,0.281,0.325,59.69,1.298,2022-12-31,869792000,16681254000,15811462000,732118000,3709502000,670723000,295986000,16460841000,16828410000,620032000,-367569000,1832063000,353286000,409193000,100660000
288,LKQ,12828647000,1722000000,13.43,8.44,22.24,1.1,0.025,3.57,5223000000,3.57,-0.189,0.149,13.43,1.274,2022-12-31,5223000000,12794000000,7571000000,1581000000,3636000000,1456000000,1149000000,12038000000,6585000000,17000000,5453000000,1250000000,222000000,1150000000,284000000
289,LMT,103181869000,10225000000,15.48,4.216,28.24,12.15,0.0295,27.55,8387000000,27.55,0.024,-0.006,15.48,0.488,2023-12-31,8479000000,67571000000,59092000000,8507000000,3203000000,9014000000,6920000000,52456000000,45621000000,168000000,6835000000,7920000000,1691000000,6920000000,3056000000
290,L,16165122000,2802000000,11.57,2.69,70.69,0.25,0.0034,6.29,4697000000,6.29,0.334,0.123,11.57,0.825,2023-12-31,-453000000,15901000000,16354000000,-4420000000,3967000000,2261000000,1434000000,79197000000,62672000000,1084000000,15704000000,3907000000,686000000,1545000000,131000000
291,LOW,127824617000,13437000000,17.03,3.049,-26.34,4.3,0.0198,13.05,32257000000,13.05,11.44,-0.128,17.03,1.109,2023-02-03,32257000000,97059000000,64802000000,10159000000,22098000000,10159000000,6437000000,43708000000,57962000000,1084000000,-14254000000,8589000000,1829000000,6437000000,2370000000
292,LULU,59651355000,2395591000,59.83,1.396,27.93,None,None,7.86,4492340000,7.86,-0.02,0.187,59.83,1.333,2023-01-29,4492340000,8149167000,6792338000,1328408000,3163980000,1328408000,854800000,5607038000,2458239000,0,3148799000,966463000,638657000,854800000,None
293,LYB,30944133000,4976333000,13.65,1.51,39.91,4.94,0.0524,6.99,6604000000,6.99,-0.477,-0.027,13.65,1.191,2022-12-31,6604000000,50451000000,43847000000,5101000000,1506000000,5101000000,3889000000,36365000000,23750000000,781000000,12615000000,6119000000,1890000000,3889000000,3246000000
294,MTB,22152645000,None,8.44,1.355,150.14,5.2,0.039,15.79,7661559000,15.79,-0.362,-0.142,8.44,0.794,2022-12-31,3031660000,8178559000,5146899000,1011143000,1884186000,3036287000,1991663000,200729841000,175411851000,3554951000,25317990000,4573740000,214000000,1991663000,881016000
295,MRO,13285124000,4368000000,8.16,1.096,19.03,0.41,0.0196,2.75,6152000000,2.75,-0.385,-0.12,8.16,2.226,2022-12-31,7719000000,8036000000,317000000,3951000000,462000000,3951000000,3612000000,19940000000,8543000000,408000000,11397000000,5428000000,1450000000,3612000000,220000000
296,MPC,62548959000,16860332000,7.19,15.65,67,3.15,0.0194,23.63,26565000000,23.63,-0.459,-0.085,7.19,1.501,2022-12-31,21683000000,176526000000,154843000000,21469000000,1626000000,21469000000,14516000000,89904000000,54817000000,1066000000,27715000000,16361000000,2420000000,16050000000,1279000000
297,MKTX,8507554000,383055000,32.6,2.975,34.27,2.88,0.0133,6.85,665336000,6.85,0.165,0.109,32.6,1.018,2022-12-31,453656000,726383000,272727000,326876000,391424000,338988000,250224000,1607775000,526682000,None,1081093000,289231000,51872000,250224000,105942000
298,MAR,73311338000,4427000000,26.2,1.725,-2.239,1.84,0.0084,9.43,4282000000,9.43,0.294,0.112,26.2,1.643,2022-12-31,19247000000,20773000000,1526000000,3462000000,1553000000,3517000000,2358000000,24815000000,24247000000,684000000,568000000,2363000000,332000000,2358000000,321000000
299,MMC,97371726000,6234000000,26.32,2.175,25.14,2.72,0.0143,7.52,8884000000,7.52,0.639,0.106,26.32,0.895,2022-12-31,7357000000,20275000000,12918000000,4280000000,16440000000,4514000000,3050000000,44114000000,24472000000,268000000,10520000000,3465000000,470000000,3087000000,1165000000
300,MLM,32581048000,2022800000,29.77,2.67,126.24,2.72,0.0056,17.71,1425900000,17.71,0.419,0.101,29.77,0.938,2022-12-31,1423300000,5991700000,5267800000,1206700000,530400000,1270600000,866800000,14993600000,7820800000,716900000,7170500000,991200000,89600000,866800000,159100000
301,MAS,16113176000,1517000000,18.06,2.531,-0.571,1.145,0.016,4.02,2745000000,4.02,0.715,-0.021,18.06,1.252,2023-12-31,2836000000,7861000000,6613000000,1348000000,1482000000,1292000000,908000000,5363000000,5247000000,3000000,-126000000,1413000000,243000000,960000000,306000000
302,MA,428169560000,15346000000,38.77,1.524,7.42,2.37,0.0058,11.81,22237000000,11.81,0.134,0.126,38.77,1.082,2022-12-31,12620000000,22237000000,9617000000,12264000000,9973000000,12264000000,9917000000,38724000000,32347000000,274000000,6298000000,11195000000,1097000000,9930000000,1903000000
303,MTCH,9767879000,1026434000,15.67,0.632,-0.073,None,None,2.26,2231180000,2.26,1.738,0.102,15.67,1.524,2022-12-31,866438000,3188843000,2322405000,515005000,1693381000,515005000,361946000,4182764000,4542639000,None,-359875000,766361000,49125000,359919000,None
304,MKC,17652943000,1215100000,25.65,2.26,18.88,1.56,0.026,2.52,2274500000,2.52,0.176,0.034,25.65,0.735,2023-11-30,2502500000,6662200000,4159700000,963000000,1617300000,1063300000,680600000,12862300000,7778800000,1079800000,5060700000,1237300000,263900000,680600000,900000
305,MCD,210814910000,13727300000,25.06,2.426,-6.47,6.23,0.0231,11.55,13207200000,11.55,0.083,0.081,25.06,0.728,2022-12-31,18819800000,23182600000,4362800000,9371000000,5095500000,9032400000,6177400000,50435600000,56439000000,0,-6003400000,7386700000,2706200000,7497600000,4168200000
306,MCK,65707934000,4283000000,22.68,4.815,-15.62,2.32,0.0049,22.11,12358000000,22.11,-0.423,0.148,22.68,0.437,2023-03-31,12358000000,276496000000,272946000000,4381000000,7977000000,4713000000,3560000000,62320000000,64177000000,968000000,-1857000000,5159000000,558000000,3722000000,292000000
307,MDT,114589458000,8484000000,27.59,1.596,38.69,2.74,0.0325,3.08,21715000000,3.08,1.125,0.053,27.59,0.792,2023-04-28,8130000000,31528000000,23398000000,5485000000,15418000000,5974000000,3758000000,90948000000,39283000000,20000000,51483000000,6039000000,1459000000,3784000000,3616000000
308,MRK,320832078000,9983000000,896.07,0.88,16.27,2.92,0.0246,0.14,42077000000,0.14,0.453,0.058,896.07,0.386,2022-12-31,27923000000,59283000000,31360000000,147000000,27776000000,17399000000,14519000000,109160000000,63169000000,1946000000,45991000000,52888000000,4388000000,30970000000,7012000000
309,META,1193404269000,60183998000,31.52,1.069,59.81,None,None,14.85,92855000000,14.85,2.002,0.247,31.52,1.154,2023-12-31,108131000000,134090000000,25959000000,46751000000,65134000000,47874000000,39098000000,229623000000,76455000000,90000000,153168000000,71113000000,27266000000,39098000000,None
310,MET,49329000000,3357000000,37.29,0.286,41.07,2.06,0.0308,1.81,14893000000,1.81,-0.536,0.166,37.29,1.04,2022-12-31,-48461000000,69898000000,118359000000,-72259000000,12034000000,3756000000,2539000000,663072000000,632947000000,175000000,29881000000,13204000000,None,2558000000,1783000000
311,MTD,26562013000,1200847000,32.68,3.819,-6.94,None,None,35.94,2308042000,35.94,-0.282,-0.116,32.68,1.154,2023-12-31,2241286000,3788309000,1547023000,1046948000,1194338000,1051094000,788778000,3355555000,3505493000,192219000,-149938000,965874000,105323000,788778000,None
312,MGM,15965591000,2170795000,15.68,4.2,11.63,None,None,2.98,6474502000,2.98,-0.869,0.163,15.68,2.198,2022-12-31,7114041000,14822708000,7708667000,1439372000,7731405000,2765115000,1473093000,45692206000,40860677000,1358893000,4831529000,1756462000,765067000,206731000,214747000
313,MCHP,46170751000,4076700000,19.96,8.44,13.1,1.59,0.0197,4.28,4449600000,4.28,-0.26,-0.186,19.96,1.671,2023-03-31,5697900000,8438700000,2740800000,3116000000,2581900000,3113600000,2237700000,16143000000,9062800000,1662100000,7080200000,3621000000,600400000,2237700000,695300000
314,MU,94450541000,1273000000,None,1.115,38.84,0.46,0.0054,-6.28,-1416000000,-6.28,-0.432,0.157,-,1.245,2023-08-31,-1416000000,15206000000,18238000000,-5745000000,4410000000,-5268000000,-5833000000,64254000000,20134000000,278000000,44120000000,1559000000,7676000000,-5833000000,504000000
315,MSFT,3124871299000,118427001000,38.02,2.503,32.06,2.86,0.0071,11.06,135620000000,11.06,0.332,0.176,38.02,0.899,2023-06-30,146052000000,209747000000,100049000000,88523000000,61381000000,91279000000,72361000000,411976000000,205753000000,5247000000,206223000000,87582000000,28107000000,72361000000,19800000000
316,MAA,14917496000,1255298000,26.44,10.19,52.22,5.6,0.0472,4.71,1230709000,4.71,-0.179,0.027,26.44,0.799,2023-12-31,1498227000,2148468000,650241000,780202000,718087000,706784000,552806000,11484503000,5185381000,None,6094071000,1137187000,341224000,567831000,673076000
317,MRNA,35706986000,-2166000128,None,0,35.31,None,None,-9.23,10552000000,-9.23,-0.978,-0.456,-,1.683,2022-12-31,12435000000,19263000000,6828000000,9420000000,4707000000,9420000000,8362000000,25858000000,6735000000,161000000,19123000000,4981000000,400000000,8362000000,None
318,MHK,7005679000,1224752000,None,0.932,119.8,None,None,-6.9,3014243000,-6.9,3.177,-0.014,-,1.315,2022-12-31,2943426000,11671344000,11608757000,244217000,2815815000,235295000,25247000,14120432000,6102518000,852336000,8011509000,669153000,580742000,25783000,None
319,MOH,22659461000,1744000000,20.78,-0.62,72.67,None,None,18.7,3926000000,18.7,2.859,0.063,20.78,0.454,2022-12-31,2104000000,31974000000,29870000000,1173000000,2718000000,1173000000,792000000,12314000000,9350000000,22000000,2964000000,773000000,91000000,792000000,None
320,TAP,12999983000,2161100000,51.48,3.012,61.38,1.61,0.0272,1.17,3655200000,1.17,1,0.124,51.48,0.841,2022-12-31,3655200000,23257900000,11157800000,157500000,4187200000,199300000,-175300000,25868300000,12953100000,397100000,12689700000,1502000000,661400000,-186500000,329300000
321,MDLZ,100669481000,7186000000,20.21,1.452,21.01,1.62,0.0232,3.62,11356000000,3.62,0.669,0.071,20.21,0.593,2023-12-31,13764000000,36016000000,22252000000,5502000000,9814000000,5502000000,4959000000,71391000000,43025000000,2521000000,28332000000,4714000000,1112000000,4968000000,2160000000
322,MPWR,36131946000,530162000,86.18,3.0,42.68,4,0.0066,8.73,1048552000,8.73,-0.191,-0.013,86.18,1.223,2022-12-31,1048552000,1794148000,745596000,526785000,521767000,526785000,437672000,2058885000,390283000,None,1668602000,246674000,58843000,437672000,137965000
323,MNST,58774733000,1994413000,37.86,1.611,7.57,None,None,1.47,3174567000,1.47,0.433,0.143,37.86,0.719,2022-12-31,3174567000,6273311000,3725328000,1584721000,1589846000,1584721000,1191624000,8293105000,1268064000,757000,7025041000,887699000,188726000,1191624000,None
324,MCO,74148954000,2451000000,49.29,1.872,17.44,3.01,0.0076,8.22,3855000000,8.22,0.279,0.155,49.29,1.299,2022-12-31,3706000000,5319000000,1613000000,1883000000,2026000000,1883000000,1374000000,14349000000,11660000000,None,2519000000,1474000000,283000000,1374000000,516000000
325,MS,140972114000,None,16.58,3.038,55.08,3.325,0.0396,5.18,46437000000,5.18,-0.332,0.018,16.58,1.429,2022-12-31,19314000000,65936000000,39299000000,343000000,18971000000,26207000000,11029000000,1180231000000,1079000000000,62534000000,100141000000,-6397000000,3078000000,11179000000,5401000000
326,MOS,9834464000,2793800000,7.57,0.197,36.7,0.8,0.0281,3.95,5777100000,3.95,-0.611,-0.337,7.57,1.505,2022-12-31,5755800000,19125200000,13369400000,4785300000,731700000,4975900000,3582800000,23386000000,11331400000,1210200000,12054600000,3935800000,1247300000,3614200000,235700000
327,MSI,54917153000,2707000000,33.32,2.244,4.359,3.62,0.0118,9.93,4394000000,9.93,0.012,0.052,33.32,0.928,2022-12-31,4229000000,8868000000,6632000000,1661000000,2890000000,1751000000,1363000000,12814000000,12698000000,1000000,116000000,1823000000,256000000,1367000000,536000000
328,MSCI,46855209000,1520047000,41.14,2.468,-13.26,5.52,0.0108,14.4,1844257000,14.4,0.899,0.198,41.14,1.102,2023-12-31,1355710000,2347368000,991658000,1384609000,679394000,1555740000,1148592000,5518219000,6257983000,10900000,-739764000,1236029000,90851000,1148592000,440993000
329,NDAQ,33031246000,2104000000,27.52,3.034,19.77,0.86,0.0154,2.08,3582000000,2.08,-0.265,0.042,27.52,0.947,2022-12-31,3582000000,6226000000,2644000000,1564000000,2018000000,1606000000,1125000000,20868000000,14704000000,664000000,6151000000,1706000000,152000000,1123000000,383000000
330,NTAP,18511886000,1325000000,27.73,1.062,3.738,2,0.0223,3.24,4209000000,3.24,-0.677,-0.061,27.73,1.262,2023-04-28,4209000000,6295000000,4636000000,1018000000,3191000000,1133000000,1274000000,9818000000,8659000000,None,1159000000,1107000000,239000000,1274000000,432000000
331,NFLX,242916852000,7310950000,46.74,1.489,47.57,None,None,12.01,12447265000,12.01,16.25,0.125,46.74,1.219,2023-12-31,14007929000,33723297000,19715368000,6954003000,8785926000,6905231000,5407990000,48731992000,28143679000,400000000,20588313000,7274301000,348552000,5407990000,None
332,NEM,38423978000,3321000000,None,0.787,24.02,1.6,0.0488,-1.06,4526000000,-1.06,-0.259,-0.054,-,0.526,2022-12-31,3345000000,11807000000,8462000000,1057000000,2288000000,129000000,-429000000,38482000000,18949000000,None,19354000000,3220000000,2131000000,-369000000,1746000000
333,NWSA,14928393000,1260000000,65.1,1.41,14.3,0.2,0.0077,0.4,4803000000,0.4,1.321,0.026,65.1,1.338,2023-06-30,5680000000,9879000000,4199000000,-2779000000,8459000000,-2779000000,149000000,16921000000,8857000000,54000000,8064000000,1092000000,499000000,187000000,174000000
334,NWS,14928386000,1260000000,68.03,1.473,14.3,0.2,0.0074,0.4,4803000000,0.4,1.321,0.026,68.03,1.338,2023-06-30,5680000000,9879000000,4199000000,-2779000000,8459000000,-2779000000,149000000,16921000000,8857000000,54000000,8064000000,1092000000,499000000,187000000,174000000
335,NEE,116085752000,16228000000,15.72,2.344,22.93,1.87,0.0331,3.6,10139000000,3.6,-0.24,0.116,15.72,0.521,2022-12-31,16341000000,23278000000,6937000000,4081000000,17397000000,4081000000,4147000000,158935000000,109499000000,9710000000,39229000000,8262000000,9742000000,3246000000,3352000000
336,NKE,157224436000,6812000000,30.47,1.715,9.32,1.39,0.0142,3.43,21479000000,3.43,0.212,0.005,30.47,1.109,2023-05-31,22292000000,51430000000,45302000000,5915000000,16377000000,5915000000,5070000000,37531000000,23527000000,6000000,14004000000,5841000000,969000000,5070000000,2012000000
337,NI,10438729000,2093700000,16.83,3.14,14.66,1,0.042,1.5,2261100000,1.5,0.456,-0.057,16.83,0.481,2022-12-31,2875300000,5341000000,2465700000,1265800000,4766800000,1330300000,804100000,26736600000,19161200000,1791900000,7575400000,1409400000,2203100000,791800000,436600000
338,NDSN,15057360000,793403000,31.16,2.171,45.57,2.63,0.0103,8.46,1426536000,8.46,-0.091,0.052,31.16,1.007,2023-10-31,546184000,2568035000,2021851000,672761000,891399000,674844000,487493000,5251770000,2653710000,125599000,2598060000,641282000,34583000,487493000,150356000
339,NSC,57561510000,5382000000,31.73,5.65,56.63,5.4,0.0212,8.03,6156000000,8.03,-0.321,-0.051,31.73,1.304,2023-12-31,7379000000,11434000000,4055000000,2851000000,849000000,3042000000,1827000000,41652000000,28871000000,4000000,12781000000,3179000000,2349000000,1827000000,1225000000
340,NTRS,16336234000,None,15.68,1.531,53.69,3,0.0377,5.08,6749200000,5.08,-0.273,0.013,15.68,1.141,2022-12-31,1778300000,6761200000,4982900000,323000000,1455300000,2756800000,1336000000,155036700000,143777200000,567200000,11259500000,2392400000,723500000,1336000000,796700000
341,NOC,68254380000,3983000000,33.67,0.905,98.56,7.34,0.0164,13.51,7474000000,13.51,0.049,0.06,33.67,0.345,2023-12-31,35196000000,39290000000,4094000000,2537000000,36753000000,2537000000,2056000000,46544000000,31749000000,70000000,14795000000,3875000000,1775000000,2056000000,1116000000
342,NCLH,7444943000,1391915000,None,0.925,1.031,None,None,-0.53,576674000,-0.53,-0.009,0.57,-,2.602,2022-12-31,-2484756000,3910761000,6395517000,-1551757000,2128431000,-1476703000,-2269909000,18557694000,18489103000,991128000,68591000,210020000,1783857000,-2269909000,None
343,NRG,11823261000,-616000000,None,1.704,12.51,1.51,0.0311,-7.7,4097000000,-7.7,3.946,-0.066,-,1.099,2022-12-31,2114000000,31543000000,29429000000,2018000000,1892000000,2080000000,1221000000,29146000000,25318000000,63000000,3828000000,360000000,367000000,1221000000,332000000
344,NUE,45858808000,7398657000,10.36,0.75,84.83,2.07,0.0116,18,12526946000,18,-0.354,-0.117,10.36,1.624,2022-12-31,12503280000,41293556000,31241265000,7820213000,2232078000,9991452000,7607337000,32479210000,12909304000,77663000,18414694000,10072054000,1947897000,8079640000,865882000
345,NVDA,1781685289000,22161000000,95.29,0.708,13.49,0.16,0.0002,7.57,15356000000,7.57,12.74,2.055,95.29,1.684,2023-01-29,15356000000,26974000000,11618000000,4224000000,11132000000,4443000000,4368000000,41182000000,19081000000,1250000000,22101000000,5641000000,1833000000,4368000000,398000000
346,NVR,23919071000,1972028000,16.08,4.886,1366.16,None,None,463.26,2823687000,463.26,-0.089,-0.095,16.08,1.122,2022-12-31,10487551000,10526434000,38883000,10451168000,36383000,2292718000,1725575000,5660973000,2154124000,None,3506849000,1870101000,18428000,9923549000,4564639000
347,NXPI,60200550000,4993000000,21.83,2.116,33.6,4.056,0.0174,10.7,7514000000,10.7,-0.027,0.033,21.83,1.578,2022-12-31,7517000000,13205000000,5688000000,3797000000,3723000000,3743000000,2787000000,23236000000,15496000000,0,7449000000,3895000000,1227000000,2833000000,815000000
348,ORLY,60598055000,3595437000,26.67,1.488,-29.44,None,None,38.47,7381706000,38.47,0.108,0.051,26.67,0.864,2022-12-31,7381706000,14256623000,11467769000,2954491000,4446333000,2954491000,2172650000,12627979000,13688731000,None,-1060752000,3148250000,563342000,2172650000,None
349,OXY,50943594000,14151000000,12.52,1.218,23.95,0.67,0.0153,4.59,24571000000,4.59,-0.524,-0.238,12.52,1.654,2022-12-31,31950000000,36634000000,4684000000,29052000000,2898000000,14068000000,13304000000,72609000000,42524000000,165000000,30085000000,16810000000,4497000000,43229000000,1184000000
350,ODFL,47500595000,1960402000,38.59,4.015,39.05,1.6,0.0048,11.28,2491592000,11.28,0.008,0.003,38.59,1.021,2022-12-31,2965593000,6263502000,3297909000,1840632000,914430000,1840632000,1377159000,4838610000,1185693000,20000000,3652917000,1691582000,775148000,1377159000,134484000
351,OMC,17152144000,2305700000,12.24,1.749,18.26,2.8,0.0331,6.91,2758800000,6.91,0.019,0.05,12.24,0.982,2023-12-31,1913200000,14692200000,12779000000,2104700000,717500000,2134800000,1391400000,28044600000,24428300000,761400000,3616300000,1421900000,78400000,1473200000,633600000
352,ON,34528182000,3217500000,16.52,1.567,18.25,None,None,4.89,4077200000,4.89,-0.052,-0.041,16.52,1.808,2023-12-31,3883500000,8253000000,4369500000,2538700000,1344800000,2608700000,2183700000,13215200000,5414600000,794800000,7782600000,1977500000,1575600000,2185600000,2400000
353,OKE,40219320000,3644451000,12.69,1.441,27.98,3.82,0.0574,5.44,4477026000,5.44,0.031,-0.292,12.69,1.599,2022-12-31,4477026000,22386892000,17909866000,2807419000,1212904000,2807419000,1722221000,24379000000,17885000000,925000000,6494000000,2905955000,1202057000,1722221000,1671582000
354,ORCL,320743670000,20306000000,32.22,1.214,1.407,1.6,0.0137,3.62,36390000000,3.62,0.413,0.054,32.22,1.008,2023-05-31,35280000000,49954000000,14674000000,13093000000,23297000000,12631000000,8503000000,134384000000,133311000000,4061000000,1073000000,17165000000,8695000000,8668000000,3668000000
355,OTIS,36928844000,2437000000,26.87,2.046,-12.11,1.31,0.0149,3.39,3942000000,3.39,0.112,0.053,26.87,0.898,2023-12-31,12036000000,14059000000,2023000000,2186000000,2162000000,2186000000,1406000000,10117000000,14837000000,32000000,-4924000000,1627000000,138000000,1498000000,624000000
356,PCAR,55475036000,6870300000,12.1,1.181,30.34,1.04,0.0102,8.76,4612200000,8.76,0.538,0.117,12.1,0.897,2022-12-31,27981700000,28819700000,838000000,27149200000,832500000,3848700000,3011600000,33275500000,20108400000,None,13167100000,3027000000,1370500000,3011600000,1004700000
357,PKG,15086459000,1567267000,19.85,3.953,43.7,0,0.0297,8.48,2097600000,8.48,-0.094,-0.02,19.85,0.775,2022-12-31,2090600000,8363100000,6984900000,1420700000,685100000,1420700000,1029800000,8003800000,4336700000,1900000,3667100000,1495000000,830400000,1029800000,420300000
358,PANW,118836568000,783600000,214.15,2.478,6.92,None,None,1.76,3782800000,1.76,8.33,0.201,214.15,1.258,2023-07-31,4983000000,6857600000,5006300000,387300000,4595700000,593500000,439700000,14501100000,12752700000,1991500000,1748400000,2777500000,146300000,439700000,None
359,PARA,8706636000,2355000000,None,2.298,33.53,0.58,0.0154,-2.33,10309000000,-2.33,0.306,0.031,-,1.857,2022-12-31,1378000000,29122000000,27744000000,2342000000,7874000000,2262000000,1104000000,58393000000,35357000000,239000000,23036000000,219000000,358000000,1214000000,689000000
360,PH,66950926000,4955899000,25.77,2.316,88.02,5.77,0.0114,20.23,6568302000,20.23,0.72,0.031,25.77,1.504,2023-06-30,2317118000,18807826000,16490708000,3404177000,3750290000,3252958000,2082936000,29964472000,19626193000,1974371000,10326888000,2979930000,380747000,2083536000,704054000
361,PAYX,44268900000,2282100000,27.34,3.007,9.79,3.46,0.0289,4.5,3255400000,4.5,0.091,0.057,27.34,0.956,2023-05-31,3554100000,5007100000,1453000000,2033100000,1586900000,2033100000,1557300000,10546400000,7053200000,10200000,3493200000,1699400000,153400000,1557300000,1175000000
362,PAYC,11065353000,565270000,32.37,1.722,24.13,1.125,0.0079,5.87,1205412000,5.87,0.034,0.173,32.37,1.21,2022-12-31,1161650000,1374391000,212741000,378679000,981755000,392114000,281389000,3902513000,2719906000,None,1182607000,365103000,136798000,281389000,None
363,PYPL,63136207000,5445000000,15.34,0.486,19.64,None,None,3.84,11653000000,3.84,0.615,0.087,15.34,1.471,2023-12-31,25494000000,29771000000,4277000000,5028000000,24743000000,5758000000,4246000000,82166000000,61115000000,None,21051000000,4843000000,623000000,4246000000,1528000000
364,PNR,12311471000,854000000,19.86,1.768,19.46,0.88,0.0124,3.75,1394700000,3.75,1.163,-0.018,19.86,1.189,2022-12-31,1364600000,4061100000,3568700000,595300000,904800000,595300000,480900000,6447500000,3739400000,None,2708100000,363300000,85200000,480900000,138600000
365,PEP,239033696000,16125000000,25.56,2.499,13.68,4.83,0.0302,6.56,46050000000,6.56,0.149,0.067,25.56,0.546,2023-12-31,49590000000,91471000000,41881000000,11986000000,40622000000,12155000000,9074000000,100495000000,81858000000,6510000000,18503000000,13442000000,5518000000,9155000000,6682000000
366,PFE,155671544000,11381665000,74.49,1.173,17.17,1.64,0.061,0.37,66233000000,0.37,-0.764,-0.413,74.49,0.568,2022-12-31,47907000000,100330000000,52423000000,16368000000,31539000000,35938000000,31372000000,197000000000,101288000000,2945000000,95661000000,29267000000,3236000000,31407000000,8983000000
367,PCG,41332040000,6382000000,18.9,1.099,11.31,0,0.0025,0.86,7095000000,0.86,-0.238,0.092,18.9,1.377,2022-12-31,21209000000,21680000000,471000000,1837000000,20101000000,1837000000,1814000000,118644000000,95821000000,4323000000,22823000000,3721000000,9584000000,1814000000,None
368,PM,138355245000,13713000000,17.75,2.474,-7.23,5.14,0.0583,5.02,20534000000,5.02,-0.085,0.11,17.75,0.654,2023-12-31,22281000000,33808000000,15207000000,11556000000,2978000000,11678000000,7813000000,65304000000,74750000000,6666000000,-11225000000,9204000000,3096000000,8268000000,7964000000
369,PSX,63132541000,9898000000,9.41,0.731,70.06,4.2,0.0288,15.48,20058000000,15.48,-0.28,-0.05,9.41,1.372,2022-12-31,24511000000,178483000000,153972000000,14325000000,7173000000,14925000000,11024000000,76442000000,42336000000,529000000,29494000000,10813000000,2194000000,11391000000,1978000000
370,PNW,7597666000,1683352000,15.99,2.142,56.24,3.46,0.0525,4.19,1707970000,4.19,0.215,0.114,15.99,0.482,2022-12-31,1621477000,4324385000,2702908000,731911000,339870000,731911000,483602000,22723405000,16674758000,391405000,6048647000,1241441000,1707490000,500826000,378881000
371,PXD,54144483000,9361000000,10.84,0.784,97.38,16.47,0.0614,20.97,13262000000,20.97,-0.317,-0.151,10.84,1.335,2022-12-31,23876000000,24294000000,418000000,23408000000,362000000,10079000000,7845000000,35740000000,14682000000,799000000,22541000000,11348000000,193000000,7845000000,6269000000
372,PNC,58880434000,None,11.54,3.776,128.4,6.15,0.0416,12.8,20643000000,12.8,-0.464,-0.042,11.54,1.176,2022-12-31,7950000000,21120000000,13170000000,5952000000,1998000000,9895000000,6113000000,557263000000,511451000000,None,45774000000,9083000000,None,6113000000,2692000000
373,POOL,14981604000,813938000,27.86,1.81,36.67,4.2,0.0114,13.88,1933412000,13.88,-0.266,-0.087,27.86,1.007,2022-12-31,1933412000,6179727000,4246315000,1025783000,918482000,1025783000,748462000,3565437000,2330243000,25042000,1235194000,484854000,43619000,748462000,150624000
374,PPG,32912964000,2832000000,26.09,1.206,32.87,2.54,0.0184,5.35,6599000000,5.35,-0.62,0.039,26.09,1.298,2022-12-31,1746000000,17539000000,15793000000,2042000000,5209000000,1518000000,1026000000,20744000000,14035000000,313000000,6592000000,963000000,518000000,1054000000,570000000
375,PPL,19069397000,2873000000,24.88,1.383,19.01,0.945,0.0371,1.04,2887000000,1.04,0.312,-0.043,24.88,0.832,2022-12-31,6742000000,7902000000,1160000000,1374000000,299000000,1470000000,756000000,37837000000,23922000000,1339000000,13915000000,1730000000,2155000000,714000000,787000000
376,PFG,18643818000,2107850000,12.26,1.5,44.53,2.57,0.0343,6.38,11026000000,6.38,-0.023,-0.006,12.26,1.256,2022-12-31,4013700000,17491600000,13477900000,3756600000,257100000,6020700000,4811600000,290578300000,280298500000,80700000,9976700000,3172900000,164400000,4852200000,642300000
377,PG,373283717000,23719000000,26.37,3.628,20.28,3.735,0.0239,5.97,39246000000,5.97,-0.114,0.032,26.37,0.435,2023-06-30,17478000000,82006000000,64528000000,18134000000,23728000000,19024000000,14653000000,120829000000,73764000000,10229000000,47065000000,16848000000,3062000000,14738000000,8999000000
378,PGR,107086529000,5469966000,27.77,0.293,34.64,0.4,0.0063,6.58,1687100000,6.58,1.424,0.254,27.77,0.345,2022-12-31,43405400000,49610700000,6205300000,35257500000,8147300000,1165600000,721500000,75465000000,59574000000,None,15891000000,6848800000,292000000,721500000,260800000
379,PLD,125501350000,5853769000,40.27,13.13,57.52,3.48,0.0263,3.29,4775470000,3.29,0.071,0.087,40.27,1.012,2022-12-31,2624094000,5973692000,3349598000,3467538000,2184196000,3809305000,3364856000,87897448000,30034355000,None,53237282000,4126430000,5610487000,3555398000,2494723000
380,PRU,39208190000,4590333000,15.66,87.81,77.45,5,0.0493,6.74,9948000000,6.74,0.527,-0.011,15.66,1.365,2022-12-31,-45545000000,60050000000,105595000000,-49153000000,3608000000,-212000000,-1438000000,689029000000,657481000000,775000000,30593000000,5158000000,None,-1462000000,1817000000
381,PEG,29111503000,5146000000,10.41,1.467,30.45,2.25,0.039,5.61,2604000000,5.61,0.227,0.081,10.41,0.58,2022-12-31,4924000000,9800000000,4876000000,1381000000,257000000,1630000000,1031000000,48718000000,21022000000,3775000000,12352000000,1503000000,2958000000,1031000000,1079000000
382,PTC,21889972000,562903000,92.47,1.879,23.5,None,None,1.98,1656047000,1.98,-0.127,0.181,92.47,1.191,2023-09-30,1656047000,1970285000,1262945000,458474000,1197573000,461983000,245540000,6288842000,3611552000,9375000,2677290000,610861000,24614000,245540000,None
383,PSA,50234372000,3253287000,26.04,2.744,32.81,11,0.0422,10.91,3187137000,10.91,-0.792,0.05,26.04,0.536,2022-12-31,3972221000,4182163000,209942000,3762279000,209942000,3762279000,4349147000,17552307000,7385506000,None,10073402000,3117141000,757944000,4366274000,3942720000
384,PHM,21902770000,3506918000,8.8,0.287,48.85,0.68,0.0078,11.72,4838805000,11.72,-0.146,-0.155,8.8,1.567,2023-12-31,14731876000,16211572000,1479696000,13332495000,1436581000,3449736000,2602372000,16087050000,5703793000,117212000,10383257000,2196762000,92201000,12527400000,142459000
385,QRVO,10874260000,499005000,None,0.472,37.63,None,None,-2.08,1296942000,-2.08,-0.456,0.445,-,1.549,2022-03-31,1296942000,3569399000,2272457000,183168000,1113774000,193092000,103152000,6691903000,2789109000,310000,3902794000,1049243000,213466000,1033353000,None
386,PWR,30525829000,1627764000,44.8,1.081,41.22,0.32,0.0017,4.69,2529155000,4.69,0.726,0.26,44.8,1.059,2022-12-31,2529155000,16964343000,16251429000,872058000,1591728000,807795000,491189000,13464337000,8065518000,37495000,5383464000,1130312000,428782000,511643000,50777000
387,QCOM,168515994000,10853000000,21.54,1.636,20.62,3.15,0.0212,7.01,25565000000,7.01,0.245,0.05,21.54,1.421,2023-09-30,19951000000,35820000000,15869000000,7788000000,11901000000,8030000000,7232000000,51040000000,29459000000,914000000,21581000000,11299000000,1450000000,7339000000,3462000000
388,DGX,14123271000,1744000000,16.92,2.912,56.82,2.84,0.0237,7.49,3467000000,7.49,0.926,-0.019,16.92,0.909,2022-12-31,3295000000,9745000000,6450000000,1428000000,2054000000,1358000000,946000000,12837000000,6944000000,96000000,5893000000,1718000000,404000000,1015000000,378000000
389,RL,10985605000,974200000,19.84,1.379,40.25,3,0.0171,8.82,4181200000,8.82,0.309,0.056,19.84,1.496,2022-03-31,4165800000,6443600000,2277800000,704200000,3461600000,732300000,522700000,6789500000,4359000000,20300000,2430500000,715900000,166900000,600100000,150000000
390,RJF,24013136000,None,14.36,1.271,51.33,1.71,0.0157,8,10760000000,8,0.009,0.083,14.36,1.043,2023-09-30,3361000000,12992000000,9631000000,2059000000,1302000000,3653000000,1739000000,78360000000,68173000000,None,10214000000,-3514000000,173000000,1739000000,355000000
391,RTX,120794644000,9611000000,40.59,0.775,45.14,2.32,0.0261,2.23,13668000000,2.23,0.091,0.101,40.59,0.627,2023-12-31,62806000000,68920000000,6114000000,3561000000,10607000000,5156000000,3195000000,161869000000,100424000000,1472000000,59798000000,17723000000,3166000000,3380000000,3239000000
392,O,44226441000,3443440000,39.97,25.91,43.73,3.035,0.0583,1.32,3110903000,1.32,-0.074,0.242,39.97,0.943,2022-12-31,2939154000,3343700000,404546000,2760938000,178216000,1379814000,869408000,49673092000,20829803000,701800000,28713149000,2563856000,8987617000,872416000,1813431000
393,REG,11538646000,777217000,28.92,6.06,36.97,0,0.0437,2.12,925155000,2.12,-0.15,0.146,28.92,1.191,2022-12-31,830550000,1224022000,393472000,78841000,751709000,629012000,482865000,10860220000,4682181000,None,6096985000,655815000,195418000,488035000,430143000
394,REGN,103872250000,4654200000,27.4,1.942,242.47,None,None,34.8,7020000000,34.8,-0.029,0.006,27.4,0.107,2023-12-31,10203900000,13044200000,2840300000,4047100000,7177000000,4272300000,3953600000,33080200000,7107100000,None,25973100000,4594000000,718600000,3953600000,None
395,RF,16632001000,None,8.53,3.955,17.07,0.88,0.0533,2.11,6944000000,2.11,0,0.156,8.53,1.226,2022-12-31,2895000000,7234000000,4339000000,2274000000,621000000,3192000000,2245000000,155220000000,139269000000,0,15947000000,3102000000,90000000,-2413000000,762000000
396,RSG,54948098000,4215300000,33.69,3.03,32.79,2.02,0.0123,5.15,5459100000,5.15,0.153,0.063,33.69,0.672,2022-12-31,5728500000,15645100000,9916600000,2391700000,1753100000,2227086000,1487586000,29052900000,19366900000,599500000,9686000000,3190000000,1454000000,1487600000,593700000
397,RMD,27157041000,1368189000,30.57,1.896,30.47,1.84,0.0104,6.04,2386058000,6.04,-0.072,0.125,30.57,0.692,2023-06-30,2355662000,4175347000,2771652000,1131871000,1223791000,1131871000,897556000,6751708000,2621805000,9902000,4129903000,693299000,134000000,897556000,258276000
398,RVTY,12804710000,801502000,72.06,7.35,63.79,0.28,0.0027,1.44,2040719000,1.44,-0.369,-0.061,72.06,1.105,2021-12-31,1989830000,3311822000,1321992000,742699000,1247131000,742699000,569179000,14129855000,6746979000,470929000,7382876000,1410750000,86020000,943157000,32373000
399,RHI,8592321000,518090000,20.91,1.373,15.17,1.92,0.0237,3.88,3094049000,3.88,-0.398,-0.147,20.91,1.275,2022-12-31,3094049000,7246150000,6176917000,890614000,2127734000,890614000,657919000,2964488000,1395930000,None,1568558000,683750000,61120000,657919000,189286000
400,ROK,32486832000,1797800000,27.03,2.259,31.48,4.79,0.0176,10.49,3717000000,10.49,-0.438,0.036,27.03,1.417,2023-09-30,3717000000,9203900000,7644000000,884500000,2833000000,1853200000,1387400000,11304000000,7742400000,103300000,3561600000,1374600000,160500000,1278000000,542400000
401,ROL,21166977000,668008000,52.39,2.88,2.278,0.52,0.0138,0.83,1387424000,0.83,0.182,0.152,52.39,0.642,2022-12-31,398324000,2693185000,2294861000,493388000,905310000,493388000,368599000,2122028000,854831000,15000000,1267197000,465930000,30628000,368599000,211618000
402,ROP,58779873000,2500400000,43.12,2.212,163.19,2.798,0.0055,12.76,3752800000,12.76,-0.8,0.128,43.12,1.012,2022-12-31,3752800000,5371800000,1619000000,1524500000,3370900000,5033500000,4544700000,26980800000,10943000000,699200000,16037800000,734600000,70300000,4544700000,262300000
403,ROST,49173504000,2526751000,28.89,1.991,13.6,1.315,0.0092,5.05,5677201000,5.05,0.33,0.079,28.89,1.046,2023-01-28,1987489000,18692987000,16705498000,-771779000,2759268000,2068015000,1512041000,13416463000,9127880000,None,4288583000,1689373000,654070000,1512041000,431295000
404,RCL,31019624000,4338000000,18.57,0.617,18.42,None,None,6.3,2375604000,6.3,27.25,0.279,18.57,2.546,2022-12-31,-2209055000,7385241000,9594296000,-763976000,2989618000,-763976000,-2155962000,33776361000,30907549000,2087711000,2868812000,481857000,2710063000,-2155962000,0
405,SPGI,138324197000,5716000000,53.21,2.509,108.88,3.6,0.0083,8.23,7415000000,8.23,0.367,0.073,53.21,1.179,2023-12-31,7968000000,12109000000,4141000000,4020000000,4325000000,3738000000,2626000000,60589000000,22489000000,47000000,34200000000,3710000000,143000000,2893000000,1427000000
406,CRM,282607583000,8476000000,111.18,1.52,59.95,None,None,2.62,22992000000,2.62,4.952,0.113,111.18,1.279,2023-01-31,22992000000,31213000000,29053000000,1030000000,21962000000,1030000000,208000000,98849000000,40490000000,1439000000,58359000000,7111000000,798000000,208000000,None
407,SBAC,23460028000,1772968000,47.9,1.804,-47.78,3.26,0.0156,4.54,1937997000,4.54,-0.121,0.01,47.9,0.574,2022-12-31,1964804000,2633454000,668650000,925408000,744513000,925408000,461429000,10585041000,15861356000,26283000,-5276315000,1285700000,1394395000,459799000,306766000
408,SLB,68196319000,7247000000,16.18,0.905,14.14,1,0.0234,2.91,5161000000,2.91,0.042,0.141,16.18,1.614,2023-12-31,31909000000,32632000000,723000000,6523000000,1452000000,5713000000,4203000000,47957000000,26598000000,None,20189000000,6637000000,1939000000,4275000000,1317000000
409,STX,18732380000,361000000,None,0.949,-8.66,2.8,0.0313,-3.51,3469000000,-3.51,-0.939,-0.176,-,1.059,2023-06-30,749000000,7384000000,6635000000,-342000000,1243000000,-183000000,-529000000,7556000000,8755000000,63000000,-1199000000,942000000,316000000,-529000000,582000000
410,SRE,43952292000,5475000000,16.13,3.488,43.46,2.355,0.0342,4.32,4576000000,4.32,0.481,-0.078,16.13,0.727,2022-12-31,11583000000,14439000000,2856000000,3599000000,7976000000,3749000000,2139000000,78574000000,51459000000,4371000000,27115000000,1142000000,5357000000,2285000000,1474000000
411,NOW,166652707000,1324000000,96.21,3.051,37.26,None,None,8.45,5672000000,8.45,0.927,0.256,96.21,0.991,2023-12-31,7050000000,8971000000,1921000000,762000000,6288000000,762000000,1731000000,17387000000,9759000000,None,7628000000,3398000000,694000000,1731000000,None
412,SHW,79899894000,4230666000,33.67,4.073,14.63,2.42,0.0078,9.26,9325100000,9.26,-0.066,0.004,33.67,1.146,2022-12-31,9325100000,21735200000,19215600000,3397200000,6442400000,2963900000,2020100000,22594000000,19491900000,978700000,3102100000,1919900000,644500000,2020100000,618500000
413,SPG,54016311000,4133430000,21.05,14.63,9.15,7.45,0.0531,6.98,4290493000,6.98,0.111,0.091,21.05,1.677,2022-12-31,3363582000,5291447000,1927865000,2583553000,1522348000,2583553000,2139535000,33011274000,29187383000,None,3138524000,3766604000,650024000,2452385000,326550000
414,SWKS,16831742000,1422800000,18.63,1.319,38.87,2.6,0.0259,5.64,2604300000,5.64,-0.254,-0.096,18.63,1.395,2023-09-30,2107300000,4708000000,3297800000,1125000000,982300000,1143200000,982800000,8426700000,2344000000,299400000,6082700000,1856400000,236100000,982800000,405200000
415,SJM,13914369000,1714900000,12790,1.635,69.39,4.16,0.0332,0.01,2721200000,0.01,0.061,-0.121,12790,0.237,2023-04-30,2801800000,8522300000,7403000000,157500000,1680700000,157500000,-91300000,14991400000,7700600000,1200000,7290800000,1194400000,477400000,-91300000,430200000
416,SNA,14041054000,1409900000,13.99,1.725,96.23,6.72,0.0284,18.76,2447300000,18.76,0.077,0.04,13.99,0.998,2022-12-31,4771400000,4842500000,71100000,1207200000,145900000,1227500000,911700000,6972800000,2469300000,19200000,4481300000,675200000,84200000,933900000,313100000
417,SO,73006178000,10241000000,24.42,2.587,28.77,2.76,0.0418,2.74,10821000000,2.74,-0.044,-0.167,24.42,0.502,2022-12-31,27149000000,29279000000,2130000000,5370000000,2073000000,5370000000,3535000000,134891000000,100359000000,6894000000,30408000000,6302000000,7923000000,3428000000,2907000000
418,LUV,19385647000,2155000000,42.75,0.495,17.63,0.72,0.0222,0.76,5976000000,0.76,-0.299,0.105,42.75,1.134,2023-12-31,4835000000,25857000000,21022000000,224000000,26219000000,224000000,465000000,36487000000,25972000000,29000000,10515000000,3164000000,3520000000,465000000,428000000
419,SWK,13686088000,1114100000,None,1.368,60.4,3.22,0.0364,-1.88,4411500000,-1.88,-0.995,-0.063,-,1.354,2022-12-31,4284100000,16947400000,12663300000,-156300000,4448800000,1268600000,1062500000,24963300000,15251200000,2101200000,9712100000,-1459500000,530400000,1062700000,471600000
420,SBUX,110165017000,7246700000,26.02,1.352,-7.61,2.2,0.0234,3.74,8385400000,3.74,0.216,0.082,26.02,0.989,2023-09-30,22908700000,35975600000,13066900000,5870800000,4781600000,5951800000,4124500000,29445500000,37433300000,1852100000,-7994800000,6008700000,2333600000,4124700000,2431800000
421,STT,21993599000,None,13.05,5.28,72.28,2.64,0.0379,5.58,12128000000,5.58,-0.712,-0.039,13.05,1.545,2022-12-31,3347000000,12148000000,8801000000,-877000000,4222000000,4871000000,2774000000,301450000000,276259000000,3274000000,25191000000,11954000000,734000000,2774000000,972000000
422,STLD,20225382000,3588985000,8.54,10.91,54.92,1.7,0.0136,14.64,6117831000,14.64,-0.277,-0.123,8.54,1.409,2022-12-31,6117831000,22260774000,16142943000,5091822000,1095209000,5091822000,3862674000,14159984000,6064179000,57334000,8130357000,4460403000,908902000,3879492000,237163000
423,STE,22161017000,1405145000,39.35,6.88,65.06,1.98,0.0093,5.7,2159692000,5.7,0.145,0.148,39.35,0.795,2023-03-31,2159692000,4957839000,2798147000,268185000,1891507000,266554000,107030000,10821839000,4734667000,60000000,6077198000,756947000,361969000,105813000,183498000
424,SYK,129923588000,5159000000,41.5,3.167,48.93,0,0.0094,8.24,11646000000,8.24,1.028,0.118,41.5,0.905,2022-12-31,11578000000,18449000000,6871000000,2841000000,8737000000,2841000000,2358000000,36884000000,20268000000,1191000000,16616000000,2624000000,588000000,2358000000,1051000000
425,SYF,15818068000,None,7.46,0.461,32.37,0.96,0.0253,5.19,8299000000,5.19,-0.176,-0.02,7.46,1.62,2023-12-31,600000000,11323000000,10723000000,-1088000000,1688000000,6615000000,2238000000,117479000000,103576000000,None,13903000000,8593000000,None,2238000000,448000000
426,SNPS,87742456000,1516198000,72.46,2.632,40.43,None,None,7.94,4084781000,7.94,1.288,0.245,72.46,1.068,2023-10-31,4620426000,5842619000,1222193000,1269259000,3351167000,1314723000,1229888000,10333131000,4148830000,None,6147308000,1703274000,489514000,1218125000,None
427,SYY,39602381000,3622123000,19.45,1.652,4.773,1.99,0.0251,4.09,12393748000,4.09,1.948,0.037,19.45,1.168,2023-06-30,13954997000,76324675000,62369678000,3038549000,10916448000,3038549000,1770124000,22821145000,20812523000,62550000,2008622000,2867602000,793325000,1770124000,995985000
428,TMUS,192498450000,28163000000,23.4,0.772,54.12,1.3,0.008,6.93,47559000000,6.93,0.41,0.01,23.4,0.494,2023-12-31,52971000000,77477000000,24506000000,14266000000,24189000000,14266000000,8317000000,207682000000,142967000000,4879000000,64715000000,18559000000,10811000000,8317000000,747000000
429,TROW,24384977000,2385400000,13.7,27.34,42.45,0,0.0466,7.76,3566000000,7.76,0.651,0.077,13.7,1.411,2022-12-31,3266300000,6488400000,3222100000,2373700000,4114700000,2373700000,1557900000,11643300000,1956400000,None,8839500000,2359400000,237600000,1449600000,1107400000
430,TTWO,28843469000,1415900000,None,2.229,49.9,None,None,-8.71,2040010000,-8.71,-0.497,-0.029,-,0.759,2023-03-31,2285300000,5194400000,7007000000,-1165200000,3450500000,-1165200000,-1124700000,15862100000,6819600000,1346800000,9042500000,1100000,204200000,-1124700000,None
431,TPR,9860466000,1428000000,10.58,2.065,11.6,1.3,0.0333,3.97,4650400000,3.97,0.022,0.029,10.58,1.536,2023-06-30,4714900000,6660900000,1946000000,1172400000,3550100000,1172400000,936000000,7116800000,4839000000,26200000,2277800000,975200000,184200000,936000000,283300000
432,TRGP,19599516000,3866300000,22.86,2.313,11.23,1.85,0.023,3.81,4047700000,3.81,0.155,-0.273,22.86,2.163,2022-12-31,3470700000,20929800000,17459100000,1729000000,1212900000,1729000000,1195500000,19560000000,16894300000,34300000,2665700000,2380800000,1334300000,1531400000,379700000
433,TGT,68048974000,7956000000,18.67,1.099,27.11,4.34,0.03,7.85,26891000000,7.85,0.364,-0.042,18.67,1.111,2023-01-28,3323000000,108661000000,105338000000,3848000000,23109000000,3896000000,2780000000,53335000000,42103000000,130000000,11232000000,4018000000,5528000000,2780000000,1836000000
434,TEL,44482499000,3564000000,13.69,1.83,42.45,2.33,0.0164,10.52,5055000000,10.52,3.617,-0.003,13.69,1.407,2023-09-30,5055000000,15954000000,13096000000,2304000000,2710000000,2354000000,1910000000,21712000000,10057000000,682000000,11551000000,3132000000,732000000,1910000000,725000000
435,TDY,20479576000,1365467000,23.47,0.98,182.24,None,None,18.49,2330300000,18.49,0.349,0.005,23.47,1.027,2022-12-31,2330300000,5458600000,3128300000,972000000,1358300000,997100000,788600000,14354000000,6181100000,300100000,8169200000,486800000,92600000,788900000,None
436,TFX,11844040000,807899000,29.51,1.791,91.8,1.36,0.0054,8.54,1550087000,8.54,0.342,0.087,29.51,1.141,2022-12-31,1531087000,2757203000,2374591000,499725000,1261952000,500406000,363139000,6928063000,2906095000,87500000,4021968000,1108210000,79190000,809058000,63789000
437,TER,15641051000,631324000,37.48,1.29,16.53,0.44,0.0047,2.73,1867151000,2.73,-0.314,-0.084,37.48,1.564,2022-12-31,1867151000,3155045000,1287894000,831939000,1035212000,844104000,715501000,3501252000,1049958000,50115000,2451294000,577923000,163249000,715501000,69711000
438,TSLA,616479850000,13558000000,45.02,2.159,19.66,None,None,4.3,20853000000,4.3,1.115,0.035,45.02,2.427,2023-12-31,17660000000,96773000000,79113000000,8891000000,8769000000,10152000000,14997000000,106618000000,43009000000,1975000000,62634000000,13256000000,8898000000,14974000000,None
439,TXN,147668369000,8490000000,23.0,3.123,18.59,5.02,0.032,7.06,13771000000,7.06,-0.302,-0.127,23.0,1.033,2023-12-31,11019000000,17508000000,8325000000,7331000000,3688000000,7331000000,6510000000,32348000000,15451000000,599000000,16897000000,6420000000,5071000000,6510000000,4557000000
440,TXT,17168110000,1670000000,19.08,1.442,35.36,0.08,0.0009,4.57,2056000000,4.57,-0.061,0.07,19.08,1.293,2022-12-31,11871000000,12869000000,998000000,-1821000000,13692000000,-1821000000,861000000,16293000000,9180000000,None,7113000000,1488000000,354000000,862000000,17000000
441,TMO,212848902000,10796000000,35.58,2.727,120.73,1.4,0.0025,15.48,18998000000,15.48,0.054,-0.049,35.58,0.8,2022-12-31,32769000000,44225000000,11456000000,8393000000,12927000000,8393000000,6950000000,97154000000,53176000000,5579000000,43978000000,9154000000,2243000000,6960000000,455000000
442,TJX,112543400000,6258000000,27.9,1.951,5.99,1.293,0.0135,3.54,13787000000,3.54,0.132,0.09,27.9,0.867,2023-01-28,3872000000,50045000000,46173000000,-6152000000,10024000000,4727000000,3498000000,28349000000,21985000000,500000000,6364000000,4084000000,1457000000,3498000000,1339000000
443,TSCO,25415438000,1871961000,23.32,2.433,19.88,4.12,0.0187,10.08,4972204000,10.08,-0.065,-0.087,23.32,0.832,2022-12-31,4972204000,14204717000,9232513000,1434943000,3554419000,1434943000,1088712000,8489990000,6447574000,3179000,2042416000,1356979000,773369000,1088712000,409603000
444,TT,62544712000,3202900000,30.95,2.579,30.52,3,0.0122,8.9,4964800000,8.9,0.16,0.086,30.95,1.231,2023-12-31,14279500000,17423000000,3143500000,2894000000,3385800000,2756800000,2023900000,19391900000,12374900000,801900000,6995200000,2389600000,300700000,2041700000,696600000
445,TDG,62755615000,3413000000,47.61,3.953,-35.87,0,0,23.52,3842000000,23.52,0.464,0.281,47.61,1.424,2023-09-30,3842000000,6585000000,2743000000,2923000000,1015000000,2923000000,1298000000,19970000000,21948000000,425000000,-1984000000,1375000000,139000000,1299000000,38000000
446,TRV,48948900000,3444000000,16.78,0.662,87.47,3.86,0.0186,12.78,8515000000,12.78,1.034,0.116,16.78,0.594,2022-12-31,-19174000000,36884000000,56058000000,-24009000000,4835000000,3705000000,2842000000,115717000000,94157000000,100000000,21560000000,6465000000,None,2842000000,875000000
447,TRMB,13062808000,746700000,38.9,1.897,17.46,None,None,1.35,2192500000,1.35,-0.118,0.082,38.9,1.469,2022-12-31,2105600000,3676300000,1570700000,510900000,1594700000,510900000,449700000,7269000000,3218800000,600000000,4050200000,391200000,43200000,449700000,None
448,TFC,47801242000,None,None,2.543,39.31,2.08,0.058,-1.09,22258000000,-1.09,-0.304,-0.107,-,1.091,2022-12-31,7514000000,22880000000,15366000000,3128000000,4386000000,9983000000,6260000000,555255000000,494718000000,23422000000,60537000000,11081000000,564000000,6267000000,2989000000
449,TYL,18576351000,320249000,119.19,3.523,67.75,None,None,3.7,783863000,3.7,-0.127,0.045,119.19,0.826,2022-12-31,783863000,1821825000,1583308000,214249000,624948000,214249000,164240000,4687417000,2063028000,30000000,2624389000,381455000,50151000,164240000,None
450,TSN,19267312000,2080000000,None,18.51,50.93,1.93,0.0373,-2.47,2660000000,-2.47,-0.659,0.004,-,0.768,2023-09-30,2631000000,52881000000,50250000000,-395000000,3369000000,-395000000,-648000000,36251000000,18118000000,1895000000,18133000000,1752000000,1939000000,-649000000,670000000
451,USB,62896566000,None,12.29,1.559,31.13,1.93,0.0488,3.27,22142000000,3.27,-0.132,0.215,12.29,1.061,2022-12-31,6841000000,23724000000,16883000000,2460000000,4381000000,10505000000,5825000000,674805000000,623573000000,31216000000,50766000000,21119000000,None,5838000000,3075000000
452,UBER,147363037000,1933000000,81.51,2.365,5.46,None,None,0.87,9805000000,0.87,1.255,0.154,81.51,1.332,2022-12-31,3407000000,31877000000,28470000000,-1832000000,11723000000,-8757000000,-9141000000,32109000000,23605000000,142000000,7340000000,642000000,252000000,-9138000000,None
453,UDR,12611952000,977243000,26.4,-4.53,11.99,1.68,0.0475,1.34,1009909000,1.34,-0.275,-0.018,26.4,0.796,2022-12-31,1179988000,1517386000,337398000,250814000,104681000,243173000,86924000,11038470000,6100325000,None,4098085000,820071000,775184000,92579000,522260000
454,ULTA,25379697000,1848006000,21.22,2.046,41.69,None,None,24.63,4044510000,24.63,-0.051,0.064,21.22,1.309,2023-01-28,4044510000,10208580000,6164070000,1638610000,2413602000,1638610000,1242408000,5370411000,3410600000,None,1959811000,1481915000,312126000,1242408000,None
455,UNP,152064229000,11399999000,23.87,4.184,24.29,5.2,0.0208,10.45,13367000000,10.45,0.016,-0.003,23.87,1.082,2023-12-31,12998000000,23193000000,10195000000,9082000000,1485000000,9573000000,6379000000,67132000000,52344000000,1423000000,14788000000,8379000000,3606000000,6379000000,3173000000
456,UAL,13884876000,7831000000,5.37,0.551,28.14,None,None,7.89,13186000000,7.89,-0.291,0.099,5.37,1.531,2022-12-31,13759000000,43302000000,29543000000,2337000000,8764000000,2337000000,737000000,67358000000,60462000000,3015000000,6896000000,6066000000,4819000000,737000000,None
457,UPS,126016881000,12847000000,18.75,3.217,20.22,6.48,0.0446,7.8,25086000000,7.8,-0.529,-0.078,18.75,1.053,2022-12-31,40201000000,99706000000,59505000000,13094000000,12373000000,15529000000,11548000000,71124000000,51338000000,2341000000,19786000000,14104000000,4769000000,11548000000,5114000000
458,URI,43698057000,4394000000,18.45,1.512,120.86,5.92,0.01,35.25,5023000000,35.25,0.098,0.131,18.45,1.839,2023-12-31,5813000000,14332000000,8519000000,3827000000,1927000000,3827000000,2424000000,25589000000,17459000000,1465000000,8130000000,4704000000,3864000000,2424000000,406000000
459,UNH,481044398000,36330000000,21.74,1.454,100.98,7.29,0.0145,23.84,79617000000,23.84,0.16,0.141,21.74,0.549,2022-12-31,239277000000,324162000000,84885000000,28435000000,51182000000,27916000000,20120000000,245705000000,159358000000,3110000000,86347000000,26206000000,2802000000,20639000000,5991000000
460,UHS,11053061000,1734032000,17.06,1.87,88.85,0.8,0.0049,9.52,5162775000,9.52,-0.04,0.068,17.06,1.241,2022-12-31,4264849000,13272481000,9007632000,1003555000,12395815000,1011776000,675609000,13494188000,7573606000,84493000,5920582000,996023000,734001000,656982000,63840000
461,VLO,48705204000,14539333000,5.74,0.213,76.3,4.08,0.0299,24.92,19224000000,24.92,-0.565,-0.124,5.74,1.523,2022-12-31,16277000000,175864000000,159587000000,15690000000,1106000000,15518000000,11528000000,60982000000,37421000000,1109000000,23561000000,12574000000,2737000000,11879000000,1655000000
462,VTR,18320407000,1718267000,2276.5,2.285,24.41,1.8,0.0395,0.02,1813583000,0.02,-0.588,0.099,2276.5,1.303,2022-12-31,432269000,4129193000,3696924000,-961980000,1394249000,403184000,-47447000,24157840000,13671513000,403000000,10152968000,1120163000,900696000,-40931000,720319000
463,VLTO,18963253000,1247000000,26.28,None,None,0,0.0047,2.93,2760000000,2.93,-0.06,0.03,26.28,None,2023-12-31,2875000000,4990000000,2115000000,1114000000,3876000000,None,719000000,4825000000,1585000000,None,3235000000,1037000000,40000000,None,None
464,VRSN,20532330000,1044700000,25.14,2.002,-15.61,None,None,7.89,1224200000,7.89,0.535,0.03,25.14,0.901,2022-12-31,1224200000,1424900000,200700000,943100000,328000000,943100000,673800000,1733400000,3295600000,None,-1562200000,831100000,27400000,673800000,None
465,VRSK,36335194000,857200000,46.93,2.642,2.652,1.33,0.0054,5.34,1672400000,5.34,0.075,0.111,46.93,0.803,2022-12-31,1534500000,2359100000,824600000,1406500000,974300000,1313000000,953900000,6961100000,5193400000,1392900000,1749300000,1059000000,274700000,954300000,195200000
466,VZ,167785628000,46342001000,14.44,1.091,21.99,2.635,0.067,2.75,77702000000,2.75,-0.031,-0.003,14.44,0.403,2023-12-31,76055000000,133974000000,57919000000,22877000000,59195000000,22030000000,11614000000,380255000000,327344000000,12973000000,91774000000,37475000000,24563000000,12095000000,11025000000
467,VRTX,109015630000,4481867000,30.49,0.572,68.22,None,None,13.87,5323100000,13.87,0.181,0.093,30.49,0.362,2022-12-31,6787500000,8863500000,2076000000,4307400000,3651500000,4307400000,3322000000,18150900000,4238200000,40800000,13912700000,4129900000,204700000,3322000000,None
468,VFC,5968331000,1068373000,None,0.133,5.42,0.99,0.0235,-1.97,6457147000,-1.97,-0.008,-0.162,-,1.542,2022-03-31,None,None,None,327693000,None,217677000,118584000,12616474000,10507281000,1452882000,2109193000,864288000,328320000,1216269000,773205000
469,VTRS,14012146000,4932300000,7.74,None,17.39,0.48,0.0415,1.51,7031900000,1.51,-0.069,-0.033,7.74,1.124,2022-12-31,6497000000,16262700000,9765700000,1614900000,4882100000,1614900000,2078600000,50022200000,28949900000,1250500000,21072300000,2952600000,406000000,2078600000,581600000
470,VICI,30746231000,3174016000,12.33,None,23.77,1.585,0.0559,2.41,2615211000,2.41,0.615,0.168,12.33,0.93,2022-12-31,2529755000,2600697000,70942000,1430886000,1039240000,1660464000,1117635000,37575826000,15285713000,None,21933637000,1943396000,4019727000,1136267000,1219117000
471,V,566471426000,23421999000,31.85,1.713,18.99,1.94,0.0075,8.68,31917000000,8.68,0.203,0.088,31.85,0.974,2023-09-30,22541000000,31986000000,9445000000,21000000000,3614000000,21000000000,17273000000,90499000000,51766000000,None,38733000000,20755000000,1059000000,17273000000,3751000000
472,VMC,31889521000,1896400000,38.46,1.735,55.99,1.69,0.0072,6.24,1557700000,6.24,0.566,0.047,38.46,0.808,2022-12-31,1557700000,7315200000,5757500000,951400000,750500000,937800000,575600000,14234600000,7282400000,122800000,6928600000,1148200000,612600000,576500000,212600000
473,WRB,20646742000,1918053000,15.94,2.434,26.8,0.43,0.0053,5.05,4811560000,5.05,0.073,0.069,15.94,0.579,2022-12-31,-1682511000,11166499000,12849010000,-12764329000,11081818000,1846163000,1381062000,33815103000,27046942000,None,6748332000,2568604000,52684000,1384954000,235192000
474,WAB,24496470000,1714000000,32.54,3.92,57.66,0.66,0.005,4.2,2583000000,4.2,0.511,0.225,32.54,1.408,2022-12-31,2540000000,8179000000,7330000000,1011000000,1529000000,1011000000,633000000,18516000000,8369000000,251000000,10102000000,1038000000,149000000,641000000,111000000
475,WBA,19437939000,4016000000,33.7,2.467,22.59,1.92,0.045,0.66,27072000000,0.66,-0.586,0.1,33.7,0.734,2023-08-31,27072000000,140471000000,149818000000,-6882000000,44350000000,-4358000000,-3080000000,96628000000,68140000000,974000000,20020000000,2258000000,2117000000,-3528000000,1659000000
476,WMT,455984447000,37666001000,28.17,2.957,29.5,2.27,0.0135,6.01,147568000000,6.01,0.553,0.052,28.17,0.49,2023-01-31,147568000000,611289000000,463721000000,20428000000,127736000000,20428000000,11680000000,243197000000,166504000000,5130000000,76693000000,28841000000,16857000000,11292000000,6558000000
477,DIS,202764091000,15595000000,66.5,1.503,53.55,0.3,0.0083,1.63,29697000000,1.63,0.486,0.002,66.5,1.384,2023-09-30,68228000000,88898000000,20670000000,12863000000,22157000000,1760000000,2354000000,205579000000,106302000000,4367000000,99277000000,21525000000,4969000000,3390000000,None
478,WBD,23507816000,6866000000,None,2.786,18.36,None,None,-1.94,13426000000,-1.94,2.267,0.016,-,1.552,2022-12-31,-7428000000,34837000000,42265000000,-7370000000,21823000000,-7257000000,-7371000000,134001000000,85334000000,365000000,47095000000,4304000000,987000000,-7297000000,300000000
479,WM,76321915000,5691000000,33.43,2.721,17.25,2.75,0.0148,5.65,7404000000,5.65,0.058,0.024,33.43,0.709,2022-12-31,4770000000,19294000000,14524000000,3365000000,2280000000,3365000000,2238000000,31367000000,24503000000,414000000,6849000000,4536000000,2587000000,2240000000,1077000000
480,WAT,19316193000,1041538000,29.75,3.131,19.45,None,None,10.85,1723774000,10.85,-0.042,-0.045,29.75,0.924,2022-12-31,921585000,2892159000,1970574000,873395000,892073000,873395000,707755000,3281453000,2776965000,50000000,504488000,611661000,183456000,707755000,None
481,WEC,24461986000,3351100000,18.38,2.41,37.17,3.12,0.0431,4.22,3307500000,4.22,-0.137,-0.133,18.38,0.413,2022-12-31,4812200000,9597400000,4785200000,1924200000,2279800000,1924200000,1409300000,41872100000,31671800000,2528300000,11407300000,2060700000,2716100000,1409700000,917900000
482,WFC,174005092000,None,9.95,0.989,46.2,1.3,0.0291,4.83,72247000000,4.83,0.284,0.027,9.95,1.182,2022-12-31,15943000000,82859000000,59813000000,6164000000,9779000000,24343000000,13182000000,1881020000000,1698807000000,51145000000,180227000000,27048000000,None,12882000000,5293000000
483,WELL,48517095000,2400263000,165.4,1.785,43.12,2.44,0.0278,0.53,2304610000,0.53,0.041,0.128,165.4,1.069,2022-12-31,813265000,5860615000,5047350000,-708044000,1419639000,714635000,141214000,37893233000,16499237000,None,20294814000,1328708000,3413773000,160568000,1131527000
484,WST,30402374000,880600000,55.28,6.69,38.76,0.76,0.002,7.41,1136200000,7.41,0.346,0.088,55.28,1.048,2022-12-31,1136200000,2886900000,1750700000,734000000,353400000,708500000,585900000,3616800000,931900000,2200000,2684900000,724000000,284600000,585900000,54100000
485,WDC,18520764000,-1022000000,None,490.33,30.67,None,None,-7.15,5874000000,-7.15,-0.959,-0.41,-,1.557,2023-06-30,1887000000,12013000000,12229000000,-1285000000,3172000000,-1248000000,-1706000000,24429000000,12706000000,1213000000,10847000000,-408000000,821000000,-1706000000,None
486,WRK,11003335000,2710000000,None,1.926,39.49,1.128,0.0285,-6.71,3580100000,-6.71,-0.683,-0.062,-,1.066,2023-09-30,3584500000,20310000000,16725500000,-1511500000,2469200000,-1174300000,-1649000000,27443700000,17363000000,533000000,10080700000,1827900000,1142100000,-1644200000,281300000
487,WY,24286179000,1557000000,28.94,6.24,14.03,0.76,0.024,1.15,3620000000,1.15,22.21,-0.027,28.94,1.443,2022-12-31,3620000000,10184000000,6564000000,3080000000,511000000,2575000000,1880000000,17340000000,6591000000,983000000,10749000000,2832000000,348000000,1880000000,1617000000
488,WHR,6060453000,1565000000,12.51,1.649,42.95,7,0.0642,8.72,3073000000,8.72,-0.42,0.034,12.51,1.485,2022-12-31,3073000000,17719000000,19351000000,-1056000000,4944000000,-1064000000,-1519000000,17124000000,14788000000,252000000,2336000000,1390000000,570000000,-1511000000,390000000
489,WMB,41409745000,6237000000,14.93,1.705,9.7,1.768,0.0558,2.28,6078000000,2.28,0.095,-0.156,14.93,1.065,2022-12-31,10083000000,10965000000,882000000,3018000000,2453000000,3621000000,2049000000,48433000000,36948000000,977000000,11485000000,4889000000,3598000000,2117000000,2275000000
490,WTW,27875979000,2324000000,27.35,1.33,92.84,0,0.0124,9.94,4073000000,9.94,0.105,0.071,27.35,0.729,2022-12-31,3168000000,8866000000,5698000000,1178000000,2318000000,1411000000,1009000000,31769000000,21676000000,254000000,10016000000,812000000,66000000,1024000000,369000000
491,GWW,47599694000,2779000000,26.46,2.791,69.52,7.3,0.0078,36.25,5849000000,36.25,0.051,0.051,26.46,1.132,2022-12-31,5849000000,15137000000,13237000000,2215000000,3863000000,2215000000,1547000000,7588000000,5148000000,35000000,2440000000,1333000000,256000000,1613000000,370000000
492,WYNN,11981270000,1615651000,16.71,0.528,-7.3,0.75,0.0095,6.32,1892903000,6.32,20.53,0.831,16.71,1.938,2022-12-31,1729536000,3310708000,1581172000,-100676000,2217951000,236361000,-423856000,13415100000,15055465000,565959000,-750838000,-71272000,300127000,-709368000,1445000
493,XEL,32099135000,5131999000,18.12,2.717,31.38,2.08,0.0358,3.21,5770000000,3.21,0.069,-0.151,18.12,0.408,2022-12-31,-2054000000,15310000000,1101000000,2428000000,1130000000,2554000000,1736000000,61188000000,44513000000,1964000000,16675000000,3932000000,4638000000,1736000000,1012000000
494,XYL,30030881000,1164000000,44.71,2.24,42.08,1.32,0.0116,2.78,2088000000,2.78,0.34,0.406,44.71,1.091,2022-12-31,2084000000,5522000000,3438000000,622000000,1726000000,490000000,355000000,7952000000,4449000000,0,3494000000,596000000,208000000,355000000,217000000
495,YUM,36642345000,2519000000,23.3,2.168,-27.96,2.42,0.0206,5.59,3307000000,5.59,0.254,0.008,23.3,1.093,2022-12-31,3678000000,6842000000,3164000000,2187000000,1392000000,2187000000,1325000000,5846000000,14722000000,398000000,-8876000000,1427000000,279000000,1325000000,649000000
496,ZBRA,12998601000,943000000,28.25,6.37,58.66,None,None,8.96,2624000000,8.96,-0.243,-0.306,28.25,1.776,2022-12-31,2624000000,5778000000,4378000000,529000000,2095000000,529000000,463000000,7529000000,4796000000,214000000,2733000000,488000000,75000000,463000000,None
497,ZBH,25712970000,2431400000,25.16,2.402,60.07,0.96,0.0078,4.88,4920400000,4.88,-0.163,0.063,25.16,1.033,2022-12-31,780000000,6780400000,6000400000,696300000,4452800000,696300000,231400000,21066000000,9039000000,544300000,12020300000,2237100000,187900000,232400000,201200000
498,ZION,5939453000,None,9.22,0.714,32.91,1.64,0.0409,4.35,3030000000,4.35,-0.575,-0.119,9.22,1.149,2022-12-31,-1365000000,614000000,1979000000,-1923000000,558000000,1337000000,907000000,89545000000,84652000000,10417000000,4893000000,1470000000,190000000,-4029000000,269000000
499,ZTS,90592371000,3473000000,40.19,3.881,11.05,1.45,0.0088,4.91,5634000000,4.91,0.142,0.074,40.19,0.873,2022-12-31,3365000000,8080000000,4715000000,565000000,2800000000,2880000000,2114000000,14925000000,10522000000,1352000000,4405000000,1912000000,586000000,2111000000,611000000
